2163 3020
469 266 776 299 OBSERVATIONES
800 271 975 300 CRITICAE
998 272 1049 299 AD
1072 271 1109 299 M.
1132 270 1261 298 TULLII
1283 270 1480 299 CICERONIS
1502 270 1713 300 EPISTOLAS.
1875 265 1921 299 25

266 372 284 395 e
320 361 422 397 scidis
458 363 611 400 Wirzcb.
648 379 780 402 mecum
809 369 973 404 VVesonb.
998 368 1173 416 reposuit:
1213 379 1250 401 ea
1278 379 1314 401 re
1340 369 1488 402 maxime
1514 369 1602 415 quod
1629 369 1786 415 ostendis,
1815 382 1921 417 quum

266 420 457 466 superiores
484 422 629 459 editores
656 437 694 459 ea
722 438 758 460 re
784 428 993 472 omitterent,
1025 427 1078 461 vel
1106 439 1123 461 c
1151 426 1361 460 correctione
1389 427 1462 461 cod.
1491 427 1582 462 Med.
1610 440 1644 461 eo
1671 429 1819 463 mafrime
1845 429 1924 464 ede-

266 481 354 513 rent.
382 479 584 516 Reiicionda
610 486 661 517 est
687 496 766 530 ergo
794 485 940 532 Kleynii
968 485 1167 520 coniectura
1194 483 1294 518 initio
1321 496 1372 530 ep.
1404 487 1422 517 4
1454 485 1533 519 libri
1562 485 1651 520 XIV
1674 498 1734 533 pro
1753 499 1810 532 ‘'sl‘)
1824 498 1922 534 repo-

265 535 382 570 nentis
417 549 451 571 eo
487 542 520 572 et
559 539 705 576 delentis
738 546 934 590 propterea.
987 544 1080 578 Nam
1110 545 1293 590 propterea
1334 542 1424 588 qnod
1450 543 1610 589 frequens
1637 545 1752 579 estin
1780 545 1919 592 scriptis

266 592 453 630 Ciceronis.
483 595 573 631 Vide
600 599 699 633 modo
726 600 850 635 harum
876 602 975 648 epist.
1004 601 1049 637 V.
1080 601 1134 646 18,
1166 602 1195 635 1.
1224 600 1291 634 IX.
1324 601 1378 645 18,
1412 601 1425 634 1
1459 604 1493 635 et
1519 601 1648 648 passim
1675 602 1711 636 in
1739 606 1822 637 orat.
1857 615 1920 649 pro

266 652 393 687 Roscio
419 654 598 691 Amerino.

315 711 422 746 XIII.
452 713 508 758 29,
537 715 568 748 7.
622 715 697 749 Hoc
737 716 823 750 milti
859 717 956 751 velim
995 717 1124 762 eredas,
1166 717 1197 750 si
1223 716 1308 763 quid
1335 716 1476 762 fecerim
1505 738 1546 742 -η
1578 717 1668 764 qaod
1697 718 1919 753 intelleoeerz'm

264 769 352 802 scire
379 789 425 793 ——
454 770 490 804 id
514 770 635 816 fecisse
660 787 732 815 —;
758 774 848 820 qaod
882 775 1013 820 fuerim
1049 780 1111 809 eet.
1142 774 1367 809 Coniunctivi
1398 775 1620 809 intellemerim
1646 776 1816 811 rationem
1842 777 1920 811 nul-

266 824 335 859 lam
363 826 473 862 video.
522 828 722 865 Ciceronem
750 832 927 879 scripsisse
954 837 1037 880 puto
1067 832 1226 877 intellexi,
1255 832 1345 878 quod
1374 832 1539 867 librarius
1566 833 1608 868 ad
1636 834 1842 880 praecedens
1868 835 1921 880 fe·

265 883 369 917 ocrim
408 887 441 918 et
479 896 624 931 sequens
657 887 788 933 facerim
814 891 1098 925 accommodavit.
1127 890 1169 925 cf.
1198 890 1368 935 Madvigii
1396 890 1488 925 Adv.
1517 892 1590 926 crit.
1620 892 1657 926 II
1686 905 1717 939 p.
1748 894 1829 939 234,
1858 893 1918 939 qui

266 939 356 974 idem
384 941 555 978 observat.

317 998 424 1034 XIII.
454 1001 510 1046 30,
541 1003 572 1035 2.
626 1003 710 1038 Peto
736 1004 796 1038 ahs
822 1007 860 1049 te,
892 1008 927 1039 ici
953 1017 1027 1040 eum
1051 1027 1096 1030 —
1127 1006 1159 1040 in
1187 1006 1270 1040 meis
1300 1006 1431 1040 intimis
1463 1018 1505 1041 m.
1535 1020 1567 1042 n.
1594 1009 1684 1042 scias
1711 1020 1780 1043 esse
1807 1010 1921 1056 itaque

267 1057 400 1102 tractes,
428 1061 491 1092 cet.
520 1058 612 1094 Mira
640 1061 760 1107 petitio
786 1065 819 1096 et
846 1063 874 1097 L
915 1063 1048 1097 Manlio
1076 1075 1198 1110 parum
1225 1063 1416 1109 profutura.
1472 1064 1647 1111 Kleynius
1675 1078 1728 1112 op.
1757 1066 1779 1101 1.
1808 1079 1840 1113 p.
1870 1067 1918 1101 50

266 1114 402 1149 restitui
429 1115 550 1151 iussit:
582 1118 665 1153 Peto
694 1142 737 1145 ---
770 1123 803 1154 iit
830 1133 905 1154 enm
933 1142 980 1146 —
1007 1133 1082 1155 enm
1111 1122 1146 1155 in
1172 1122 1255 1155 meis
1284 1122 1415 1156 intimis
1441 1123 1531 1157 scias
1558 1135 1635 1168 esse,
1654 1124 1702 1158 ita
1718 1127 1840 1159 tractes
1853 1128 1920 1161 cet.

266 1171 363 1207 Idem
390 1173 527 1209 facilius
555 1177 726 1212 obtinebis
754 1179 949 1214 scribendo:
984 1179 1089 1224 „Peto
1116 1180 1177 1214 abs
1206 1183 1248 1226 te,
1278 1183 1316 1214 ut
1342 1192 1440 1227 quem
1469 1202 1514 1206 —-
1544 1181 1581 1215 in
1609 1182 1694 1217 meis
1720 1183 1917 1218 intimis-—

266 1230 354 1265 scias
382 1243 465 1278 esse,
494 1233 540 1268 ita
570 1238 696 1270 tractes
723 1241 787 1272 cet.

314 1288 422 1325 XIII.
452 1292 508 1326 58.
561 1293 600 1326 Is
626 1305 766 1328 eausam
792 1295 898 1342 habel,
926 1308 1029 1342 qaam
1058 1308 1198 1330 ectusani
1224 1296 1270 1330 ad
1296 1299 1326 1330 te
1354 1296 1492 1342 deferet.
1521 1297 1654 1332 Immo:
1684 1310 1789 1344 quam
1814 1300 1857 1334 ad
1885 1304 1919 1335 te

264 1346 402 1382 deferet.
432 1348 575 1384 Iteratio
603 1353 753 1387 nominis
780 1358 857 1400 post
884 1366 981 1400 pron.
1010 1354 1195 1389 relativum
1224 1354 1260 1388 in
1287 1358 1358 1388 tam
1386 1354 1481 1388 brevi
1510 1356 1682 1390 sententia
1708 1357 1826 1403 inepta
1852 1361 1916 1403 est,

264 1405 402 1450 quando
430 1406 465 1440 in
493 1408 610 1443 eodeni
639 1422 720 1445 casu
748 1413 930 1458 prlecedit.
959 1413 1003 1447 In
1030 1413 1191 1460 plurimis
1219 1412 1388 1459 exemplis
1415 1424 1433 1447 a
1462 1412 1602 1447 Sanctio
1630 1414 1666 1448 in
1693 1415 1853 1450 Minerva
1864 1415 1917 1451 II.

266 1462 285 1496 9
314 1465 486 1509 congestis
515 1467 651 1502 nullum
679 1468 792 1504 simile
821 1470 987 1505 invenies.

313 1520 421 1557 XIII.
452 1524 508 1569 65,
540 1525 570 1559 1.
623 1525 715 1560 Eius
740 1538 874 1561 simmia
901 1528 1107 1562 existimatio
1135 1527 1254 1573 ayitm'
1283 1527 1318 1560 in
1345 1538 1390 1572 eo,
1419 1530 1456 1561 w‘
1476 1529 1654 1574 pactiones
1673 1540 1748 1563 cum
1766 1531 1915 1564 civitati-

261 1577 323 1612 bus
350 1579 493 1626 reliquis
519 1582 685 1627 conficiat.
712 1585 843 1630 Agitur
869 1585 910 1619 de
937 1585 1138 1620 civitatibus
1166 1584 1365 1631 Bithyniae,
1392 1596 1494 1630 quam
1511 1587 1725 1632 provinciam
1745 1588 1784 1623 P.
1806 1588 1917 1623 Silius

259 1639 342 1670 tunc
368 1649 430 1684 pro
457 1643 611 1685 praetore
637 1642 787 1687 regebat.
825 1643 889 1678 Sed
918 1656 1025 1690 quum
1053 1643 1150 1678 nulla
1181 1642 1363 1677 nominata
1390 1643 1444 1688 sit,
1473 1643 1514 1678 de
1542 1644 1685 1690 reliquis
1712 1645 1915 1681 civitatibus

260 1705 371 1729 sermo
397 1707 470 1730 esse
497 1698 628 1743 nequit.
657 1700 818 1735 Fortasse
845 1702 1149 1736 seribendum1—
1169 1705 1228 1745 „ut
1255 1701 1432 1747 pactiones
1460 1713 1539 1736 cum
1567 1702 1769 1737 civitatibus
1796 1703 1836 1737 de
1862 1715 1913 1738 re-

260 1751 365 1797 liquis
405 1756 455 1798 (o:
484 1754 525 1789 de
551 1756 697 1791 residuis
725 1758 914 1803 solvendis)
941 1759 1136 1794 conficiat.''
1174 1758 1216 1792 cf.
1244 1758 1341 1792 Fam.
1371 1758 1418 1792 II.
1452 1759 1507 1804 13,
1538 1760 1557 1793 3
1580 1759 1781 1806 publicanis
1807 1762 1914 1797 etiam

259 1810 452 1855 superioris
478 1811 583 1846 lustri
609 1814 743 1861 reliqua
770 1837 816 1840 —
843 1828 1093 1851 conservat-am.
1122 1817 1198 1850 Att.
1228 1815 1311 1850 XV.
1344 1817 1400 1861 15,
1433 1816 1464 1850 3.

308 1867 391 1902 XV.
423 1870 477 1914 17,
507 1872 538 1905 2.
591 1871 753 1907 Mindius
790 1874 980 1909 illarcellics
1018 1878 1047 1909 et
1085 1875 1206 1909 Attius
1238 1874 1497 1920 pifflneiitarius
1538 1874 1634 1909 [alde
1656 1876 1852 1921 yandebant
1877 1888 1912 1911 se

258 1925 501 1961 adrersariimz
520 1930 726 1975 perdidisse.
754 1933 991 1968 Nominantur
1017 1934 1084 1968 duo
1111 1937 1258 1968 sectores
1275 1932 1453 1967 bonorum.
1483 1933 1548 1968 Sed
1563 1934 1627 1968 etsi
1647 1935 1802 1970 Mindius
1818 1936 1910 1970 Mar-

259 1984 377 2031 cellus,
419 1986 576 2021 Caesaris
602 1989 795 2035 familiaris,
824 1992 883 2037 qui
911 1992 947 2026 in
975 1992 1129 2038 Appiani
1156 1991 1197 2025 de
1223 1991 1263 2025 B.
1293 1990 1331 2025 C.
1360 1990 1404 2025 V.
1437 1992 1504 2025 102
1533 1992 1744 2039 nominatur,
1773 1993 1830 2028 hic
1858 1995 1913 2028 in-

259 2042 369 2088 telligi
410 2048 532 2091 potest,
570 2051 685 2081 tamen
721 2049 841 2084 Attius
873 2050 1132 2096 pibqnzentarius
1170 2048 1349 2096 probabile
1385 2049 1497 2083 reddit
1535 2049 1712 2085 Mindium
1750 2063 1819 2085 non
1846 2051 1910 2086 illo

258 2101 473 2148 cognomine,
501 2104 559 2138 sed
587 2106 726 2140 nomine
752 2109 847 2153 artis,
877 2120 981 2154 quam
1009 2109 1202 2153 exercebat,
1230 2108 1287 2142 hic
1305 2107 1527 2153 designatum
1541 2119 1625 2143 esse.
1655 2109 1710 2143 Ex
1726 2109 1907 2155 ingeniosa

257 2158 298 2193 Β.
330 2158 477 2194 Weiskii
504 2163 701 2198 coniectura
728 2165 889 2201 Mindius
916 2167 1136 2201 macellarius
1163 2177 1241 2200 cum
1268 2165 1369 2200 Attio
1395 2165 1628 2212 pigmentario
1655 2166 1689 2201 h.
1705 2166 1726 2200 l.
1743 2167 1905 2214 prodibit.

306 2216 389 2251 XV.
420 2219 475 2263 18,
508 2222 537 2254 1.
590 2221 714 2268 Itaque
750 2224 843 2269 facio
871 2237 921 2259 me
947 2225 1037 2260 alias
1064 2237 1116 2259 res
1143 2237 1252 2271 ayere,
1280 2236 1321 2258 oie
1347 2224 1536 2259 convicimn
1563 2223 1725 2259 Platonis
1750 2225 1907 2260 audiam.

256 2274 296 2309 P.
326 2275 525 2312 Manutius:
559 2279 671 2325 „fingo
698 2293 752 2316 me
778 2295 848 2317 non
875 2284 1015 2329 servire,
1043 2284 1101 2318 sed
1127 2283 1207 2318 aliis
1234 2283 1337 2317 rebus
1365 2293 1502 2328 operam
1531 2281 1647 2316 dare.⁷⁷
1676 2282 1704 2316 I.
1732 2282 1789 2316 Fr.
1819 2282 1909 2317 Gro-

255 2333 400 2368 novius:
433 2334 545 2380 „fingo
572 2349 626 2371 me
652 2350 766 2374 rerum
794 2353 947 2376 mearum
975 2348 1131 2387 satagere
1157 2345 1191 2376 et
1213 2341 1370 2375 abstineo
1385 2339 1569 2384 negotiis.⁷⁷
1598 2339 1627 2374 I.
1651 2338 1694 2374 G.
1714 2339 1906 2375 Graevius:

258 2391 374 2436 „fingo
401 2404 455 2426 me
482 2405 551 2427 non
580 2395 828 2444 philosophiae,
859 2400 915 2434 sed
930 2399 1008 2434 aliis
1023 2400 1125 2434 rebus
1139 2410 1277 2446 operam
1292 2396 1408 2432 dare.’'
1438 2396 1642 2431 Schutzius:
1675 2396 1789 2441 „aliud
1804 2409 1906 2441 agere

254 2460 310 2482 me
337 2450 499 2485 simulo.'⁷
530 2451 636 2487 Vides
663 2454 725 2489 hos
753 2468 881 2502 omneS,
912 2460 976 2492 etsi
993 2458 1029 2492 in
1045 2457 1218 2492 sententia
1236 2456 1419 2491 verborum
1433 2454 1641 2501 explicanda
1655 2454 1692 2489 in
1705 2455 1775 2489 alia
1789 2456 1907 2490 omnia

255 2513 350 2553 eunt,
387 2510 585 2556 conspirare
613 2512 650 2546 in
676 2513 882 2560 explicando
912 2516 1006 2561 facio
1033 2528 1092 2562 per
1118 2515 1220 2562 fiiiyo.
1276 2514 1341 2549 Sed
1370 2524 1471 2548 nemo
1498 2513 1658 2560 exempla
1683 2513 1838 2560 protulit,
1866 2514 1906 2548 in

1723 2571 1762 2601 11

252 2621 404 2644 LETTERK.
432 2623 528 2646 VERE.
555 2626 617 2647 DER
642 2626 797 2650 RONINKL.
823 2630 1001 2652 AKADBMIE.
1027 2630 1109 2651 num.
1132 2619 1228 2651 XIII.
