2163 3020
273 275 322 309 30
480 284 791 313 OBSERVATIONES
814 284 995 312 CRITICAE
1018 283 1068 312 AD
1092 285 1128 312 M.
1152 283 1281 312 TULLII
1304 283 1501 312 CICERONIS
1523 283 1739 314 EPISTOLAS.

281 392 419 415 versum
461 392 581 415 verum
623 383 685 425 est,
714 381 906 428 meritoque
935 381 1149 416 damnantur
1170 381 1477 429 perdiffiee'llimus
1502 381 1594 429 apud
1622 382 1766 418 Livium
1794 382 1874 418 XL.
1904 384 1948 419 21

281 438 421 485 aliaque
447 438 600 473 eiusdem
629 438 773 474 farinae.
803 439 885 474 Ideo
914 440 1102 488 Pompeius
1129 440 1379 486 grammaticus
1407 440 1443 474 in
1472 439 1677 487 fragmento,
1706 440 1798 487 quod
1816 441 1951 488 primus

283 497 390 532 edidit
418 498 487 533 Iac.
516 498 611 533 Frid.
640 498 883 545 Heusingerus
911 504 988 547 post
1015 499 1131 535 Mallii
1168 499 1342 534 Theodori
1369 499 1411 534 de
1436 499 1556 534 metris
1584 499 1714 535 librum
1741 512 1774 547 p.
1805 501 1849 535 67
1877 513 1955 548 per-

283 555 407 590 fec-tius
433 560 466 591 et
493 556 784 603 perfectissimum
811 561 902 592 recte
929 557 997 592 dici
1025 558 1179 604 negavit.
1207 557 1272 592 Sed
1296 560 1335 592 ut
1362 557 1399 592 in
1425 557 1568 605 perdito,
1585 557 1684 593 cuius
1698 557 1953 605 superlativum

285 615 424 662 scripsit
451 614 572 650 Cicero
600 616 636 650 in
663 615 764 650 Verr.
795 620 861 651 act.
891 628 956 651 sec.
985 616 1056 652 III.
1086 617 1144 662 65,
1173 616 1222 651 sic
1251 616 1288 650 in
1316 615 1467 663 perfecto
1486 627 1570 651 usus
1588 615 1692 651 aliter
1708 616 1871 662 decrevit,
1889 628 1953 652 1166

285 673 359 708 sine
386 685 521 708 summa
549 673 691 709 licentia
719 673 877 709 Ciceroni
906 674 940 709 h.
969 674 1004 720 1.‚
1032 674 1070 708 in
1096 674 1206 709 Bruto
1237 674 1318 720 118,
1354 674 1391 708 in
1419 673 1566 709 Oratore
1591 675 1612 709 3
1639 677 1674 708 et
1701 675 1746 709 47
1769 674 1956 722 perfectis-

282 732 409 765 simum
436 731 577 778 eripias:
617 744 704 778 quae
744 732 941 778 frequentia
969 732 1210 779 exemplorum
1237 732 1453 766 demonstrat
1479 731 1657 767 Velleium
1683 735 1717 767 et
1743 732 1954 776 Quinctilia-

283 801 368 824 num
397 801 467 824 11011
494 789 601 824 fuisse
629 794 823 831 novatores,
853 803 960 837 quum
989 790 1053 825 1106
1082 790 1300 837 superlativo
1326 793 1508 825 uterentur
1536 791 1572 825 in
1598 790 1693 826 Hist.
1721 803 1806 827 rom.
1835 791 1886 827 H.
1906 792 1954 827 36

284 852 318 883 et
345 848 381 883 in
409 848 437 883 I.
467 848 507 884 O.
537 848 566 884 I.
599 851 628 894 1,
658 850 702 883 23
733 854 766 883 et
793 849 840 884 X.
872 850 904 894 ⁶2,
934 850 992 884 24.
1033 849 1115 884 Non
1153 861 1208 884 me
1234 848 1326 895 fugit
1354 849 1383 884 Ι.
1413 849 1578 895 Bakium,
1606 849 1738 884 bonum
1765 849 1956 886 latinitatis

284 906 445 952 iudicem,
474 907 697 942 vehementer
723 919 943 954 oppugnasse
968 907 1063 942 hunc
1102 906 1357 954 superlativum
1387 907 1424 942 in
1450 907 1540 942 libro
1569 907 1612 942 de
1637 907 1854 944 emendando
1881 908 1955 945 Cic.

283 963 429 999 Oratore
469 978 501 1012 p.
544 966 601 1011 35,
642 966 837 1012 iterumque
876 966 913 1000 in
954 965 1046 1000 Add.
1082 966 1125 1000 ad
1153 965 1323 1001 librorum
1351 965 1393 1000 de
1421 965 1568 1000 Oratore
1595 967 1831 1002 recensionem
1856 978 1957 1002 suam

284 1034 317 1069 p.
348 1024 429 1063 365,
457 1023 514 1057 sed
543 1035 667 1069 sequor
693 1024 861 1058 iudicium
890 1036 960 1058 non
989 1024 1171 1059 deterioris
1199 1024 1325 1059 iudicis
1352 1024 1442 1060 Dav,
1462 1024 1681 1071 Ruhnkenii,
1701 1025 1793 1072 quod
1808 1025 1962 1073 prodidit

285 1082 323 1116 in
361 1081 479 1117 adnot.
519 1082 563 1116 ad
599 1081 683 1117 Iulii
721 1082 905 1117 Rufiniani
945 1082 1006 1118 lib.
1048 1082 1090 1117 de
1131 1082 1186 1128 fig.
1216 1085 1368 1118 sentent.
1396 1083 1415 1128 ἓ
1441 1082 1528 1129 VII,
1555 1083 1619 1118 etsi
1647 1082 1704 1118 hic
1730 1083 1818 1119 mihi
1845 1095 1965 1119 errare

285 1140 424 1175 videtur
463 1140 499 1174 in
536 1140 600 1175 hac
628 1152 663 1175 re
690 1140 839 1175 laudans
874 1141 981 1175 verba
1008 1152 1026 1175 e
1052 1140 1231 1176 Ciceronis
1267 1140 1388 1175 libello
1415 1140 1457 1175 de
1483 1141 1614 1188 optimo
1641 1153 1720 1188 gen.
1749 1142 1846 1178 Orat.
1874 1143 1893 1188 ξ
1920 1143 1962 1178 6.-

286 1197 342 1233 E'a
371 1198 480 1245 iqitur
515 1199 631 1233 omnia
661 1199 694 1233 ἰη
723 1210 788 1246 quo
814 1201 916 1233 erunt
948 1210 1097 1245 summm,
1125 1199 1193 1233 erit
1221 1201 1340 1233 orator
1360 1198 1652 1246 perfectissimus,
1680 1201 1719 1235 in
1745 1212 1809 1248 quo
1835 1201 1965 1248 media,

291 1255 481 1302 mediocris,
525 1257 558 1290 in
599 1268 663 1303 qno
703 1257 860 1303 minima,
888 1256 1105 1293 deterrimus.
1151 1256 1331 1293 Ciceronis
1358 1269 1433 1292 esse
1460 1260 1580 1292 orator
1600 1258 1780 1306 perfectus
1806 1271 1847 1294 ea
1873 1271 1964 1306 quae

289 1314 517 1362 praecedunt:
557 1314 738 1350 Oratorem
773 1337 820 1341 --
849 1315 1048 1363 perfectum
1088 1327 1214 1364 quaero
1242 1315 1443 1351 ostendunt.
1485 1315 1728 1363 Superlativus
1754 1317 1968 1353 deterrimus

290 1372 430 1408 videtur
467 1373 620 1420 aliquem
658 1374 926 1420 grammaticum
964 1374 1124 1421 movisse,
1165 1378 1205 1410 ut
1245 1374 1277 1409 ei
1317 1374 1574 1421 superlativum
1593 1374 1875 1422 perfectissimus
1901 1387 1962 1424 op-

292 1436 448 1479 poneret.

342 1491 371 1527 Ι.
401 1492 433 1537 2,
464 1492 519 1526 lo.
561 1491 676 1535 Quum
701 1492 789 1527 hanc
809 1493 983 1540 payinam
1009 1496 1166 1528 tenerem.
1195 1492 1316 1528 Cicero
1345 1492 1479 1528 indicat
1505 1504 1541 1528 se
1567 1495 1776 1540 occupatum
1801 1493 1909 1529 fuisse
1923 1494 1963 1529 in

291 1550 473 1585 scribenda
500 1549 566 1585 hac
593 1551 759 1598 epistolae
786 1552 925 1598 pagina.
954 1551 1020 1587 Sed
1047 1555 1157 1587 tenere
1183 1563 1255 1587 non
1281 1555 1404 1600 aptum
1429 1554 1481 1587 est
1501 1550 1584 1586 huic
1597 1551 1647 1586 rei
1664 1551 1821 1588 verbum.
1850 1551 1967 1588 Credo

290 1621 369 1644 eum
397 1609 591 1656 scripsisse:
619 1621 723 1657 quum
750 1610 838 1645 hanc
858 1611 1033 1658 paqe'nctm
1059 1614 1214 1647 texerem.
1252 1611 1306 1647 Cf.
1335 1611 1434 1646 Fam.
1463 1610 1532 1646 IX.
1561 1611 1619 1657 21,
1648 1611 1669 1645 2
1695 1610 1857 1658 epistolas
1883 1623 1965 1659 quo-

291 1667 440 1702 tidianis
465 1667 577 1703 verbis
602 1671 711 1703 texere
737 1669 893 1704 solemus.

341 1726 431 1761 Ibid.
476 1727 525 1762 Te
558 1730 620 1761 aut
655 1729 756 1774 quasi
792 1729 914 1763 amicis
942 1729 1012 1763 tuis
1036 1729 1175 1775 qratia-3
1198 1731 1359 1763 acturum
1387 1731 1449 1763 aut
1474 1729 1576 1775 quasi
1602 1728 1757 1763 *inimicis
1783 1728 1968 1763 incommo-

291 1785 467 1820 daturum.
507 1785 565 1820 Sic
600 1785 709 1821 edidit
744 1787 840 1822 Wes.
883 1787 921 1821 in
960 1787 1086 1822 ultima
1125 1799 1208 1823 voce
1247 1787 1519 1823 Cratandrinam
1557 1790 1592 1822 et
1618 1786 1804 1822 deteriores
1830 1785 1967 1822 codices

291 1845 484 1891 scripturae
510 1844 638 1880 codicis
665 1845 756 1880 Med.
785 1845 994 1893 praeferens.
1021 1846 1113 1881 Mihi
1141 1858 1222 1881 vero
1248 1850 1389 1894 propter
1415 1845 1612 1893 oppositum
1636 1846 1775 1893 97⁴atias
1805 1848 1967 1880 acturum

293 1904 405 1950 magis
441 1904 556 1951 placet
594 1917 612 1939 e
651 1905 744 1941 Med.
789 1905 1001 1940 incommoda
1041 1906 1208 1953 laturum,
1249 1917 1314 1941 neo
1348 1917 1490 1941 causam
1529 1905 1630 1940 video
1657 1917 1719 1940 cur
1744 1905 1900 1939 laturum
1926 1905 1964 1940 in

294 1962 460 1997 daturum
498 1967 559 1997 aut
598 1964 790 1999 allaturum
830 1969 1016 2000 mutemus.
1057 1965 1149 2000 Nam
1191 1965 1342 2012 simplex
1381 1964 1469 1999 ferre
1513 1975 1614 2011 saepe
1652 1963 1758 1998 habet
1797 1962 1965 1998 afferendi

293 2021 376 2065 vim,
417 2021 514 2056 velut
540 2022 578 2055 in
605 2034 674 2068 seq.
703 2035 755 2070 ep.
784 2024 822 2057 5:
851 2034 951 2070 spero
978 2044 1026 2049 -—
1052 2023 1189 2071 aliquid
1219 2025 1323 2058 etiam
1350 2022 1630 2058 misericordiam
1654 2021 1767 2056 nostri
1787 2020 1971 2068 praesidii

295 2079 461 2115 laturam.

346 2137 374 2172 I.
404 2139 437 2182 2,
469 2139 524 2172 ll.
565 2138 656 2173 Nolo
681 2139 814 2173 medius
841 2139 948 2186 fidius
975 2152 1015 2175 ex
1044 2143 1105 2175 tua
1133 2141 1268 2177 iniuria
1296 2141 1333 2175 vin
1361 2139 1462 2174 illum
1487 2138 1552 2174 tibi
1577 2138 1752 2173 liberalem
1777 2149 1829 2173 me
1841 2137 1969 2174 videri.

297 2196 479 2232 Manutius
515 2202 607 2231 recte
648 2197 737 2231 vidit
765 2198 801 2232 in.
831 2198 929 2232 illum
956 2199 1173 2244 iungendum
1202 2210 1275 2234 esse
1302 2210 1382 2233 cum
1410 2197 1596 2243 liberalem,
1624 2200 1659 2232 et
1684 2196 1785 2231 illum
1811 2199 1971 2244 spectare

295 2255 338 2290 ad
368 2255 530 2290 Flavium
569 2267 678 2302 quum
705 2257 861 2303 proxime
888 2257 1098 2304 praecedant
1124 2257 1225 2293 haec:
1255 2260 1285 2292 et
1311 2257 1436 2292 Flava·
1454 2267 1560 2291 causa
1574 2258 1604 2290 et
1618 2267 1664 2290 sc.
1682 2254 1846 2302 Pompeii
1858 2254 1971 2301 facies

297 2315 423 2349 omnia.
447 2314 617 2349 Similiter
644 2315 740 2350 Fam.
770 2315 880 2350 XIII.
912 2318 943 2360 1,
973 2318 993 2351 5
1023 2328 1090 2351 non
1118 2319 1148 2351 te
1174 2317 1212 2350 in
1239 2328 1291 2351 me
1318 2315 1494 2350 liberalem
1521 2336 1568 2340 —
1591 2313 1742 2362 putabit.
1783 2313 1849 2349 Sed
1875 2313 1970 2349 male

298 2372 532 2419 interponitur
559 2372 633 2417 tihi,
663 2373 753 2419 quod
781 2373 837 2409 vel
864 2374 1049 2409 delendum
1078 2374 1133 2410 vel
1162 2377 1240 2422 post
1267 2373 1442 2409 liberalem
1468 2385 1520 2408 me
1546 2372 1745 2420 ponendum
1773 2375 1836 2407 est.

350 2430 377 2465 I.
408 2432 440 2475 2,
472 2432 527 2465 13.
569 2431 713 2466 Maiora
755 2433 820 2467 ista
857 2436 980 2477 erm&
1007 2445 1099 2468 meae
1125 2433 1381 2480 obiurgationes
1407 2431 1553 2479 fuerunt
1579 2431 1711 2466 amoris
1730 2430 1969 2478 plenissimae.

299 2488 415 2531 Quum
456 2492 556 2522 erunt
595 2489 640 2523 sit
680 2490 856 2537 vitiosum,
898 2495 932 2526 ct
959 2492 1104 2538 fuerunt
1132 2493 1184 2528 bis
1211 2493 1363 2540 positum
1393 2491 1535 2526 tantillo
1562 2489 1749 2526 intervallo
1775 2489 1973 2536 langueret„

297 2547 395 2582 KVc—s.
423 2550 523 2581 erunt
549 2547 688 2583 delevit.
718 2549 844 2584 Nonne
871 2554 1025 2597 praestat
1052 2552 1227 2598 corrigere
1254 2551 1378 2587 erant?
