2163 3020
247 216 296 251 14
453 223 765 254 OBSERVA'HONES
787 221 965 250 CRFHOAE
988 221 1039 250 AD
1063 221 1099 249 M.
1122 221 1253 250 TULLII
1278 220 1476 250 CICERONIS
1501 221 1715 250 EPISTOLAS.

251 317 280 349 te
309 317 366 350 ria·
391 316 477 353 live&
501 326 567 362 per
594 313 684 348 Imm·
714 313 828 360 utique
855 311 966 346 licebit
994 323 1026 346 o:
1055 311 1188 346 utimur
1213 311 1389 346 locutione
1415 311 1598 358 aliquanto
1624 311 1808 358 putidiore,
1829 311 1921 358 quod

250 374 311 409 vix
340 374 420 409 licet
447 378 620 419 quatenus
649 376 761 406 tecum
790 371 876 405 mihi
905 382 1017 405 sermo
1044 373 1107 416 est,
1135 370 1195 417 qui
1222 370 1296 417 ipsc
1321 370 1477 405 oratione
1504 369 1655 417 simplici
1682 373 1716 404 ct
1744 370 1921 416 incompta

249 433 367 469 uteris.
408 439 582 478 quatenus
622 442 734 465 serino
777 434 829 464 est
868 429 909 464 de
948 429 1113 464 Trebatio
1153 432 1245 464 certe
1272 428 1359 463 mihi
1386 428 1516 464 licebit.
1571 427 1622 463 De
1648 427 1922 463 commutatione

248 501 372 525 vocum
400 502 503 537 (luam.
531 493 565 524 et
591 488 680 536 quod
707 487 777 523 vid.
806 487 985 523 Drakenb.
1013 487 1055 522 ad
1082 487 1162 523 Liv.
1191 487 1236 522 V.
1265 488 1324 534 51,
1354 488 1386 522 7.
1441 487 1694 522 Permutantur
1719 498 1856 534 quoque
1883 486 1921 521 in

246 547 341 583 Livii
369 548 491 583 XXV.
522 548 580 593 31,
610 548 629 582 7
658 547 696 581 in
723 558 887 594 responso
914 546 1074 582 Marcelli
1099 546 1142 581 ad
1170 545 1304 592 leg-atos
1329 545 1642 593 Syracusanorum,
1671 545 1771 581 cuius
1795 545 1922 581 ultima

248 607 353 642 verba
382 608 430 642 sic
459 608 495 642 in
523 607 622 642 libris
650 606 790 653 scriptis
817 606 1022 641 traduntur:
1067 605 1241 641 Omnium
1259 605 1330 640 sibe·
1355 605 1514 640 laborum
1540 604 1846 652 periculorumque
1872 626 1919 630 —

247 678 459 714 nequaquam
488 669 621 701 tantum
650 665 806 711 fructum
821 678 900 711 esse,
916 665 1006 713 quod
1019 665 1127 711 (Med.
1144 677 1247 712 qaam
1263 664 1381 710 Harl.)
1396 676 1517 712 capere
1532 664 1730 711 Syracusas
1738 664 1918 712 potuisset.

247 725 449 772 Madvigius
492 726 529 760 in
570 724 714 760 Enicnd.
750 725 827 759 Liv.
857 737 889 772 p.
920 725 990 759 298
1034 724 1126 759 inter
1153 723 1353 771 Syracusas
1380 726 1414 758 et
1432 723 1603 770 potuisset
1628 722 1802 758 nonnulla
1828 722 1922 757 exci-

246 784 337 819 disse
364 785 573 832 suspicatur.
604 784 662 819 Al.
691 783 833 818 Harant
860 783 1003 818 criticus
1030 782 1158 818 Gallus
1186 782 1302 818 locum
1329 782 1396 817 sibi
1423 794 1566 817 sanasse
1594 782 1690 816 visus
1717 785 1769 817 est
1790 781 1920 828 scripto

245 845 335 878 tanti
361 856 437 879 enm
465 856 526 892 pro
554 846 700 878 tantum.
730 842 766 877 Si
794 854 928 878 mecum
955 846 1089 877 tantum
1116 842 1308 877 mutaveris
1336 842 1373 877 in
1388 845 1531 888 tenuem,
1552 841 1669 876 omnia
1685 841 1791 888 plana
1805 844 1919 876 erunt.

294 903 380 938 VII.
411 905 443 948 9,
472 904 504 937 2.
558 902 709 937 Battara
753 905 897 938 mortuo.
951 901 1110 937 Naekius
1152 901 1196 936 ad
1235 900 1317 936 val.
1345 900 1422 936 Cat.
1456 900 1560 936 Diras
1586 913 1619 948 p.
1651 901 1695 935 19
1723 900 1922 947 suspicatur

245 961 427 996 Battaram
454 962 562 996 fuisse
589 973 782 1007 cognomen
810 960 962 996 ioculare
988 960 1174 1001 Vacerrae,
1216 960 1271 994 vel
1298 972 1319 995 a
1346 959 1514 995 Cicerone
1541 959 1596 995 vel
1623 960 1667 995 ab
1695 959 1764 994 alio
1788 959 1920 1006 fictum,

244 1024 278 1055 et
304 1020 395 1066 quod
424 1020 461 1054 in
488 1020 569 1055 edit.
610 1019 845 1054 Cratandrina
873 1030 935 1066 pro
960 1019 1113 1053 Battara
1141 1018 1308 1053 scribitur
1341 1018 1497 1053 Vacerra
1524 1030 1598 1053 esse
1631 1018 1781 1053 alicuius
1809 1030 1915 1064 gram-

244 1078 363 1113 matici
403 1078 688 1126 explicationem.
746 1077 985 1124 Suspicionem
1028 1077 1133 1112 laudo
1173 1080 1208 1111 et
1248 1077 1464 1124 probabilem
1490 1077 1617 1112 iudico.
1671 1077 1770 1120 Quod
1798 1076 1922 1112 deinde

244 1136 309 1173 Cn.
353 1137 522 1172 Octavius
566 1136 621 1171 vel
659 1136 723 1172 Cn.
765 1136 949 1171 Cornelius
993 1136 1135 1182 quidam
1176 1147 1308 1171 summo
1345 1147 1468 1183 genere
1494 1139 1597 1170 natus
1623 1136 1784 1182 idemque
1810 1139 1924 1170 terrae

244 1196 341 1242 filins·
368 1208 404 1231 o:
435 1196 536 1231 homo
564 1196 732 1231 obscurus
759 1200 793 1230 et
819 1195 999 1241 ignobilis,
1028 1199 1067 1230 ut
1094 1195 1345 1242 interpretatur
1372 1195 1553 1230 Minucius
1581 1194 1684 1230 Felix
1699 1195 1737 1229 in
1757 1194 1918 1241 Octavio,

246 1256 302 1294 22,
341 1255 551 1303 appellatur,
592 1267 636 1290 ex
671 1254 791 1289 eodem
818 1266 943 1299 genere
978 1254 1112 1289 ironiae
1153 1253 1414 1301 explicandum,
1452 1266 1521 1300 qua
1550 1254 1587 1289 in
1614 1254 1845 1301 inscriptione
1874 1266 1920 1289 m.

246 1313 389 1349 Octobri
429 1326 460 1348 a.
506 1314 600 1348 1376
642 1313 819 1361 Pompeiis
859 1317 996 1360 reperta
1031 1316 1066 1348 et
1101 1313 1140 1348 in
1166 1312 1532 1348 Commentationibus
1559 1312 1670 1348 Acad.
1699 1312 1922 1360 Lynceorum

246 1371 318 1408 Ser.
359 1372 419 1407 III
458 1372 528 1407 Vol
573 1372 610 1407 .I.
652 1384 685 1419 p.
728 1372 797 1406 103
836 1371 929 1406 edita
958 1371 1114 1407 Cleaclz'ns
1147 1371 1291 1406 Ventre'o
1318 1375 1466 1406 vocatur
1492 1383 1588 1419 eques
1614 1374 1718 1406 natus
1743 1371 1925 1407 Romanus

249 1431 339 1466 inter
366 1431 504 1474 hemon)
534 1434 564 1466 et
591 1430 824 1474 brassica(m).

296 1490 383 1526 VII.
412 1492 470 1536 24,
501 1491 532 1526 1.
586 1490 639 1525 De
678 1489 829 1536 Tigellio
868 1489 934 1524 hoc
974 1489 1097 1524 scribit
1137 1489 1278 1525 Cicero:
1311 1500 1388 1524 eum
1414 1487 1592 1523 addictum
1620 1488 1824 1524 iamdudum
1854 1488 1919 1535 (sic

248 1554 339 1585 recte
365 1549 490 1584 Lamb.
518 1560 580 1597 pro
609 1549 677 1583 iam
706 1549 793 1595 tum)
813 1551 902 1595 puto
928 1559 997 1583 esse
1025 1547 1128 1583 Calvi
1153 1547 1294 1583 Licinii
1328 1547 1570 1595 Hipponacteo
1590 1548 1790 1595 praeconio.
1832 1546 1921 1582 Gro-

247 1609 373 1644 novius
399 1608 531 1655 aliique
558 1609 764 1655 interpretes
790 1607 956 1642 videntur
974 1607 1164 1654 praeconio
1190 1607 1319 1642 habere
1356 1618 1418 1653 pro
1452 1606 1582 1648 dativo,
1611 1606 1672 1653 qui
1700 1606 1849 1654 pendeat
1875 1606 1920 1642 ab

248 1667 419 1702 addictus.
465 1666 674 1714 Perperam3
728 1666 804 1701 sine
844 1666 952 1701 dubio
995 1669 1047 1701 est
1085 1666 1264 1701 ablativus
1303 1665 1542 1700 instrumenti.
1596 1665 1720 1712 Neque
1758 1665 1919 1700 addictus

247 1726 394 1772 requirit
432 1725 602 1771 dativum,
640 1725 698 1760 sed
738 1724 871 1760 indicat
909 1723 1180 1770 condemnatum,
1209 1727 1243 1759 et
1271 1723 1368 1759 velut
1394 1723 1556 1758 libertate
1582 1723 1772 1771 privatum.
1824 1724 1918 1759 Nam

248 1784 409 1820 addictus
448 1784 584 1831 proprie
623 1787 676 1819 est
701 1795 798 1831 quem
825 1783 878 1818 lec
904 1784 1047 1829 servire,
1075 1783 1178 1818 donec
1203 1783 1352 1829 solverit,
1385 1782 1484 1829 iubet,
1512 1786 1552 1817 ut
1578 1782 1701 1818 scribit
1728 1783 1918 1827 Quintilia-

248 1857 315 1880 nus
343 1845 372 1880 Ι.
402 1844 443 1880 Ο.
471 1844 558 1879 VH.
589 1845 623 1890 3,
654 1845 713 1890 26,
741 1856 811 1890 qua
837 1844 872 1878 vi
897 1843 1032 1878 addicta?
1058 1855 1160 1891 saepe
1186 1843 1353 1878 dicuntur
1378 1855 1399 1878 a
1425 1842 1540 1889 Livio,
1558 1842 1624 1878 VI.
1644 1844 1700 1889 14,
1719 1844 1776 1890 15,
1793 1844 1851 1889 20,
1872 1844 1918 1878 34

251 1903 321 1946 Qui
349 1903 449 1950 plura
476 1903 584 1950 cupit,
625 1903 727 1938 adeat
751 1903 988 1938 Arntzenium
1015 1902 1058 1937 ad
1086 1902 1190 1937 Publ.
1218 1902 1314 1937 Vict.
1342 1901 1384 1936 de
1409 1900 1455 1936 V.
1483 1901 1513 1935 Ι.
1541 1901 1649 1936 XXI.
1676 1902 1709 1937 3.

301 1961 386 1997 VH.
416 1963 473 2007 25,
506 1964 535 1997 1.
595 1961 724 1997 Vereor
752 1974 793 1997 ne
819 1963 855 1996 in
880 1962 1056 1996 catoniana
1085 1962 1278 1996 Catoninos.
1319 1960 1388 1996 Ios.
1416 1959 1572 2006 Scaliger
1598 1972 1617 1995 e
1643 1960 1811 1995 memoria
1834 1960 1920 1995 haec

250 2022 364 2057 citans
403 2021 439 2056 in
480 2021 581 2068 epist.
620 2021 663 2056 ad
691 2021 740 2057 M.
768 2021 967 2068 Velserum,
994 2021 1108 2069 Epist.
1136 2034 1169 2069 p.
1200 2022 1270 2056 363
1298 2019 1418 2055 affert:
1453 2019 1584 2054 Vereor
1615 2032 1658 2055 ne
1688 2020 1769 2055 Cato
1795 2031 1857 2055 nos
1885 2020 1922 2055 ι’φι

250 2081 447 2126 catomium,
484 2084 518 2115 et
546 2080 815 2128 interpretatur:
843 2080 957 2117 δέδια
982 2084 1034 2127 μὴ
1061 2083 1201 2118 Κάτων
1225 2084 1328 2126 ἡμᾶς
1355 2083 1579 2129 τραχηλιζῃ.
1607 2079 1673 2115 Sed
1699 2079 1811 2115 multo
1837 2079 1922 2114 faci-

247 2139 315 2175 lior
353 2144 406 2174 est
444 2139 496 2175 Cl.
539 2139 701 2174 Salmasii
742 2139 943 2187 explicatio,
981 2140 1040 2186 qui
1067 2140 1111 2175 ad
1139 2139 1318 2188 Spartiani
1345 2139 1582 2186 Hadrianum,
1609 2151 1643 2187 p.
1672 2139 1718 2174 49
1746 2139 1922 2173 catomum

248 2198 380 2243 scribit,
419 2202 458 2232 ut
484 2201 536 2232 est
564 2197 601 2232 in
628 2197 701 2233 cod.
731 2199 858 2244 Amst.,
885 2202 919 2233 et
946 2198 1037 2233 hanc
1064 2210 1139 2234 esse
1165 2198 1352 2234 verborum
1385 2198 1597 2234 sententiam
1623 2200 1761 2233 monet:
1789 2196 1923 2232 Vereor

249 2268 293 2291 ne
320 2256 449 2292 Caesar
475 2255 620 2291 Catonis
647 2255 845 2292 laudatores
873 2256 915 2291 ad
942 2257 1072 2292 inferos
1099 2257 1229 2293 mittat.
1256 2256 1299 2293 cf.
1327 2257 1470 2292 Laberii
1496 2268 1618 2292 versus
1644 2255 1737 2304 apud
1764 2255 1921 2291 Gellium

249 2314 294 2350 N.
323 2316 368 2350 A.
396 2314 501 2359 XVI,
531 2315 564 2350 7.
617 2314 686 2350 Pro
716 2315 902 2350 Catoninos
928 2316 1040 2351 scribe
1070 2316 1299 2360 Catonianos;
1325 2328 1409 2351 nam
1435 2319 1475 2351 ut
1500 2328 1521 2351 a
1548 2315 1726 2361 Cicerone,
1748 2314 1919 2359 Carbone,

247 2373 398 2418 Othone,
451 2373 591 2419 Tirone,
632 2373 793 2410 Varrone
833 2374 1039 2410 derivantur
1077 2375 1341 2421 Ciceronianus,
1382 2374 1641 2420 Carbonianus,
1683 2372 1919 2416 Othonianus,

247 2431 475 2476 Tironianus,
516 2431 773 2478 Varronianus,
813 2433 865 2468 sic
903 2445 924 2469 a
964 2433 1097 2469 Catone
1136 2434 1175 2469 fit
1215 2433 1444 2469 Catonianus.
1496 2433 1537 2469 P.
1565 2432 1746 2468 Victorius
1772 2430 1921 2478 putabat

248 2490 457 2524 Catoninum
485 2502 560 2525 esse
587 2494 740 2527 veterem
768 2492 922 2527 nominis
950 2491 1118 2539 formam3
1159 2492 1216 2527 sed
1252 2492 1352 2528 nullo
1379 2495 1587 2538 argumento
1613 2490 1680 2526 hoc
1705 2490 1921 2526 demonstra-
