2163 3020
451 277 758 306 OBSERVA'HONES
783 276 958 307 CRITICAE
980 276 1033 303 Al)
1056 275 1092 303 M.
1116 273 1244 302 TULLII
1267 272 1464 302 CICERONIS
1487 271 1699 300 EPISTOLAS.
1862 259 1908 293 35

252 380 335 410 sunt
374 374 410 409 in
447 387 499 422 ep.
526 375 569 410 ad
597 375 638 419 Q.
669 375 710 410 fr.
739 375 808 410 III.
842 375 872 420 1,
904 375 947 408 14
974 372 1094 407 domas
1118 370 1313 418 suppeditat
1342 370 1427 404 ηιιἸιί
1453 369 1632 404 leot-torum
1657 366 1906 410 (amoenitatem,

250 433 359 468 verba
398 441 495 468 tueor
528 438 561 469 et
588 434 637 468 sic
664 434 889 480 interpretor:
930 431 1062 466 Domus
1089 429 1174 464 mihi
1202 428 1401 475 suppeditat
1428 427 1590 471 hortum3
1630 426 1665 460 in
1693 426 1768 472 ipsa
1802 423 1904 458 domo

253 495 305 526 tot
331 496 414 526 sunt
439 492 592 537 arbusta,
622 496 660 527 ut
687 492 778 526 horti
806 491 955 538 speciem
980 488 1116 524 referat.
1145 488 1277 532 Cicero,
1305 486 1364 533 qui
1391 486 1432 529 Q.
1461 486 1602 520 fratrem
1629 496 1707 518 cum
1735 482 1847 517 Mario
1861 480 1905 516 ad

255 561 291 585 se
318 550 497 595 invitarat,
526 550 611 585 haec
636 550 763 585 adiecit
790 554 827 584 ut
853 560 952 583 suam
978 546 1222 582 invitationem
1249 548 1396 590 urgeret.

306 607 354 643 H.
387 609 430 642 10
459 609 546 653 χ12>,
578 610 608 642 1.
660 607 788 642 Pridie
814 606 902 641 Idas
940 603 1187 648 (Februarias),
1229 613 1335 649 qaam
1362 601 1503 648 Appius·
1529 602 1684 634 senatmn
1712 598 1910 643 infrequen-

255 669 320 700 tem
345 667 511 713 coeye'sset,
540 669 673 700 tautum
699 666 771 711 fait
798 665 928 711 friyus,
957 666 993 698 ut
1013 661 1140 710 populi
1165 661 1315 696 cont-icio
1333 663 1466 694 coactu-›-
1480 659 1525 693 st't
1543 670 1602 692 nos
1619 657 1799 691 dimittere.
1828 655 1909 689 Non

256 724 415 770 intelligo
443 725 613 771 quomodo
639 724 761 759 consul
788 723 937 758 clamore
963 721 1082 769 populi
1110 724 1211 755 extra
1238 720 1371 754 curiam
1397 719 1434 753 in
1462 716 1683 752 Graecostasi
1709 720 1743 750 et
1769 715 1806 749 in
1833 725 1911 757 gra-

256 783 358 818 dibus
395 783 450 819 sad
487 783 528 826 Q.
565 783 606 818 fr.
649 783 697 818 Π.
734 785 764 829 1,
793 784 827 825 3)
857 781 983 816 stantis
1010 780 1086 826 cogi
1113 779 1265 827 potuerit
1292 782 1331 812 ut
1357 781 1516 812 senatum
1543 775 1743 810 dimitteret.
1794 772 1908 807 Multo

257 842 482 877 verisimilius
519 847 571 877 est
609 842 701 889 ipsos
735 844 912 876 senatores
938 840 1046 874 fuisse
1072 838 1211 883 frigoris
1238 837 1460 884 impatientes
1488 835 1590 880 idque
1617 832 1773 868 convicio
1800 830 1913 866 decla-

257 913 362 936 rasse.
390 901 551 935 Fortasse
577 900 797 935 scribendum
824 899 995 934 communi
1020 897 1182 932 com-[cio.
1235 895 1325 930 Nam
1354 894 1419 929 hoc
1446 893 1546 928 modo
1573 891 1806 927 declarabitur
1833 900 1914 923 con-

258 959 388 994 vicium
416 971 486 994 non
513 959 620 994 fuisse
647 970 848 1006 paucorum,
877 957 935 992 sed
962 956 1152 991 multorum
1181 958 1392 989 senatorum.

308 1017 406 1052 Idem
432 1017 543 1063 frigus
570 1028 688 1051 vereor
715 1028 758 1051 ne
784 1017 821 1050 iu
847 1015 1011 1050 extremis
1039 1013 1204 1061 epistolae
1231 1012 1345 1046 verbis
1372 1009 1505 1056 aliquid
1527 1007 1694 1052 nocuerit,
1711 1004 1913 1040 ubidicitur

258 1075 456 1122 impendere
492 1080 641 1116 tantum,
676 1078 710 1109 at
738 1086 909 1109 seminium
930 1073 1127 1121 periculum
1154 1074 1245 1113 esset,
1274 1082 1314 1104 ne
1339 1069 1458 1116 Appio
1485 1080 1567 1102 sicae
1591 1065 1689 1100 aedes
1718 1066 1913 1099 urerentur.

259 1134 302 1169 In
331 1146 457 1180 magno
483 1134 610 1180 frigore
637 1134 749 1168 maius
776 1133 886 1168 oritur
912 1131 1064 1167 incendii
1090 1129 1295 1178 periculum.
1329 1127 1395 1163 Sed
1420 1139 1492 1172 cur,
1521 1136 1658 1172 quaeso,
1688 1123 1798 1168 magis
1823 1121 1913 1156 iilud

259 1193 456 1228 immineret
483 1192 647 1238 consulis,
675 1204 781 1238 quam
807 1191 1023 1238 privatorum
1049 1188 1220 1224 aedibus?
1247 1187 1341 1222 Huic
1369 1184 1566 1232 quaestioni
1582 1182 1673 1229 quod
1688 1180 1914 1228 respondeam

260 1263 331 1286 non
358 1251 479 1296 habeo,
509 1262 620 1296 neque
647 1249 800 1285 Manutii
824 1248 1032 1295 explicatio:
1065 1245 1176 1293 „quod
1203 1245 1241 1280 in
1268 1245 1368 1279 domo
1396 1243 1560 1288 consulis,
1589 1252 1656 1287 quo
1684 1239 1860 1275 salutandi
1875 1250 1916 1273 ac

261 1309 452 1344 deducendi
490 1320 595 1343 causa
635 1321 739 1355 quam
778 1308 920 1355 plurimi
959 1305 1199 1351 convenirent,
1237 1303 1414 1338 caminum
1441 1314 1514 1336 esse
1541 1304 1713 1347 oporteret
1740 1297 1917 1332 saeviente

262 1368 389 1413 frigore
416 1366 759 1401 luculentissimum''
789 1365 1044 1400 dubitationem
1071 1375 1183 1398 meam
1210 1362 1314 1397 tollit.

313 1426 362 1461 II.
394 1427 434 1460 11
465 1427 553 1471 (13),
582 1427 615 1460 4.
657 1425 848 1471 Postquam
875 1424 1015 1459 Marcus
1042 1435 1143 1458 suum
1170 1420 1382 1468 deprompsit
1409 1418 1576 1453 iudicium
1598 1416 1639 1451 de
1656 1414 1871 1451 Callisthene
1884 1419 1919 1448 et

262 1483 426 1528 Philisto,
454 1482 642 1529 historicis,
670 1483 708 1517 in
734 1482 861 1528 quibus
875 1481 982 1516 frater
998 1485 1082 1515 tunc
1097 1479 1236 1515 assidue
1249 1478 1464 1522 versabatur,
1480 1476 1529 1510 ita
1549 1474 1737 1521 perrexisse
1752 1475 1914 1518 putatur:

265 1541 343 1588 Sed,
383 1541 473 1588 qaod
508 1541 689 1587 adscribis,
717 1541 981 1588 ayyrediarc'sne
1004 1539 1051 1574 ad
1076 1538 1270 1582 historiam,
1311 1548 1361 1570 me
1389 1538 1526 1570 (Lactora
1545 1536 1653 1580 potes,
1680 1531 1711 1566 E
1739 1530 1830 1565 Med.
1859 1541 1920 1563 no-

263 1604 384 1635 tantur
410 1600 523 1647 quoad
548 1600 673 1635 scribis
699 1599 950 1647 ayyrederisne,
979 1610 1067 1645 quae
1081 1610 1120 1633 eo
1135 1597 1278 1642 ducunt,
1302 1600 1341 1630 ut
1359 1590 1656 1629 restituaturzsed
1671 1589 1756 1637 qaid
1769 1587 1917 1623 scribis?

263 1657 505 1705 ayyrederefsne
530 1658 576 1692 ad
602 1658 806 1693 historiam?
832 1657 892 1693 ille
918 1660 1055 1692 aaotore
1078 1658 1182 1703 potes,
1209 1658 1273 1690 cet.

313 1715 363 1751 ΙΙ.
402 1717 445 1750 12
478 1717 566 1762 (14),
608 1718 639 1751 2.
695 1716 811 1759 Quum
849 1717 885 1751 in
926 1715 1040 1751 verbis
1083 1714 1244 1750 Cicerone
1283 1714 1398 1747 nostro
1436 1710 1568 1744 minore
1600 1704 1821 1754 producendo
1847 1715 1919 1738 nou

264 1778 349 1812 satis
376 1782 508 1813 certum
535 1781 624 1812 esset
650 1790 718 1824 qua
746 1778 781 1812 vi
809 1790 840 1813 r.
863 1777 1056 1825 producere
1081 1776 1215 1810 dictum
1241 1777 1341 1819 esset,
1369 1773 1407 1807 in
1433 1769 1691 1816 antiquioribus
1717 1767 1813 1802 editt.
1829 1765 1918 1801 illud

264 1840 439 1871 mutatum
466 1840 517 1871 est
544 1837 581 1870 in
602 1836 826 1883 perdocenda
856 1836 1053 1882 Pei-peram.
1082 1834 1200 1869 Habet
1227 1833 1320 1867 enim
1347 1831 1419 1866 vim
1437 1827 1660 1877 provehendi,
1682 1824 1918 1873 promovendi,

258 1894 429 1930 incitandi
469 1894 512 1929 ad
547 1895 848 1941 progrediendum,
885 1898 924 1929 ut
962 1894 1137 1929 Graecum
1178 1894 1360 1939 προάγειν
1399 1889 1456 1934 (Cf.
1484 1888 1564 1922 Fill·
1593 1885 1663 1921 ῙΠ-
1693 1886 1766 1929 52),
1794 1882 1920 1918 &1100

259 1952 374 2000 ipsum
394 1952 587 1999 producere
613 1953 650 1987 in
677 1953 776 2000 epist.
805 1953 844 1988 O.
873 1953 986 1988 Cassii
1014 1952 1126 1995 (Fam.
1154 1950 1243 1986 XII.
1275 1951 1331 1994 13,
1363 1950 1396 1991 1)
1425 1958 1539 1993 meque
1564 1945 1610 1979 ad
1636 1944 1801 1991 optimam
1827 1953 1920 1988 spem

254 2012 408 2059 patriae,
445 2023 511 2046 non
548 2012 730 2046 minimam
760 2011 824 2046 tibi
852 2012 920 2058 istst
938 2010 1202 2058 producendum
1221 2011 1334 2056 pates,
1363 2012 1397 2042 et
1424 2006 1461 2040 in
1488 2005 1589 2052 epist.
1615 2001 1801 2038 Octaviani
1827 2000 1922 2047 apud

261 2069 468 2104 Suetonium
494 2070 531 2104 in
559 2069 717 2115 Claudio,
748 2073 779 2105 4.
808 2070 1002 2105 Erudiendi
1028 2068 1085 2104 vel
1111 2067 1283 2103 educandi
1311 2065 1465 2109 notione,
1491 2074 1579 2110 quae
1605 2062 1711 2096 etiam
1729 2059 1842 2106 aptior
1857 2062 1922 2104 est,

261 2139 334 2162 non
359 2127 488 2173 legitur
514 2127 583 2162 nisi
610 2128 702 2175 apud
729 2132 859 2174 poetas.

313 2185 364 2221 Π.
406 2187 448 2220 13
476 2187 564 2232 (15),
596 2187 626 2221 1.
672 2185 930 2231 Blandenonne,
970 2189 1009 2219 ut
1047 2184 1217 2231 scriptum
1256 2186 1308 2217 est
1347 2182 1385 2216 in
1418 2179 1522 2224 Med„
1550 2190 1569 2213 e
1593 2176 1841 2212 Blandennone
1867 2172 1925 2208 vel

261 2243 487 2279 Blandenone
520 2249 635 2279 ortum
670 2244 818 2279 videtur.
859 2244 938 2279 Etsi
973 2243 1138 2290 oppidum
1175 2241 1229 2276 vel
1266 2241 1364 2275 vicus
1398 2239 1472 2275 eius
1499 2236 1651 2272 nominis
1677 2235 1716 2269 in
1742 2232 1924 2267 vicinitate

262 2302 464 2338 Placentiae
489 2302 574 2338 alibi
600 2315 672 2338 non
698 2308 919 2348 memoratur,
947 2307 1065 2337 tamen
1091 2313 1162 2336 non
1189 2300 1291 2335 debet
1317 2297 1510 2334 sollicitari.
1537 2295 1631 2331 Nam
1654 2292 1764 2328 multa
1779 2290 1923 2325 nomina

263 2361 418 2396 locorum
458 2361 563 2396 semel
600 2362 696 2396 bisve
734 2362 897 2397 citantur.
939 2360 1041 2396 Certo
1068 2360 1156 2395 falsa
1183 2363 1234 2394 est
1261 2358 1396 2404 Sigonii
1422 2356 1622 2391 coniectura
1647 2351 1771 2387 Laude
1797 2349 1925 2393 Nonis,

264 2420 347 2466 quia
373 2423 448 2454 tum
475 2424 631 2466 tempora
657 2419 853 2455 litterarum
879 2432 899 2454 a
926 2419 1058 2462 Quinto
1084 2418 1246 2453 datarum
1272 2420 1306 2452 et
1332 2428 1353 2451 a
1380 2415 1499 2450 Marco
1525 2415 1746 2458 acceptarum
1773 2409 1864 2443 inter
1889 2418 1927 2441 se

264 2478 444 2513 conciliari
481 2482 669 2525 nequeunt.
710 2477 747 2513 Si
781 2485 913 2512 eertum
949 2483 1039 2512 esset
1065 2477 1200 2511 litteras
1227 2474 1351 2518 Quinti
1376 2472 1496 2508 Laude
1521 2469 1688 2517 Pompeia
1713 2468 1812 2502 datas
1839 2476 1925 2506 esse,

262 2535 369 2582 idque
404 2548 531 2571 nomen
569 2537 607 2571 iu
646 2536 873 2572 Blandenone
906 2536 1024 2582 latere,
1064 2535 1180 2583 potius
1219 2532 1461 2579 corrigendum
1495 2537 1602 2565 esset:
1639 2526 1760 2562 deinde
1786 2525 1926 2569 alteras,

1716 2583 1785 2616 12*
