2163 3020
291 269 337 303 24
496 281 810 312 OBSERVATIONES
832 284 1007 315 CRITICAE
1030 286 1082 316 AD
1104 287 1142 316 M.
1166 289 1297 319 TULLII
1319 290 1518 320 CICERONIS
1540 291 1755 321 EPISTOLAS.

284 379 400 413 tatus:
434 378 498 423 „ad
525 379 693 427 optimam
721 393 818 429 spem
845 383 990 431 patriae,
1018 398 1091 422 non
1115 387 1300 422 minimam
1327 387 1392 422 tibi
1420 387 1500 436 ipsi,
1526 401 1581 424 me
1594 389 1778 438 provehas,
1794 393 1963 438 tanquam

285 435 328 470 de
355 448 423 483 quo
450 438 581 485 optima
610 451 768 487 quaeque
795 442 920 489 patria,
949 447 982 478 ct
1010 447 1049 480 tu
1076 457 1213 492 quoque
1242 457 1313 481 non
1340 446 1487 482 minima
1514 459 1654 495 sperare
1680 448 1792 496 possis
1825 449 1967 497 pietatis

282 495 433 541 officia'',
462 497 675 533 seutentiam
703 499 889 536 verborum
917 503 1046 550 optime
1073 510 1253 540 assecutus
1271 505 1419 541 videtur.
1447 506 1578 542 Dativo
1590 508 1735 555 patriae
1752 508 1965 556 respondent

280 553 392 589 dativi
421 555 485 589 tibi
514 557 594 603 ipsi,
625 563 659 592 et
687 559 839 606 optimae
870 561 942 608 spei
970 563 1159 610 opponitur
1187 575 1257 598 nou
1279 564 1438 600 minima.
1466 564 1594 613 Itaque
1612 566 1826 603 scribamus:
1843 580 1968 615 meque

280 612 324 647 ad
353 614 522 661 optimam
551 628 647 664 spem
675 618 819 665 patriae,
850 632 919 655 non
950 622 1130 657 minimam
1160 623 1224 657 tibi
1251 623 1319 670 ipsi
1345 624 1607 671 producendum
1635 629 1747 673 putes.

330 671 419 708 XII.
450 675 505 720 14,
535 675 568 710 3.
609 675 649 710 P.
681 676 853 713 Lentulus
880 690 959 714 cum
987 679 1116 716 litteris
1142 681 1185 716 ad
1214 681 1247 716 S.
1279 682 1319 717 P.
1348 682 1390 726 Q.
1418 683 1461 718 R.
1491 683 1605 730 Perga
1631 685 1760 731 missis,
1776 685 1814 720 iu
1833 685 1963 732 quibus

279 731 439 776 queritur
465 731 507 767 de
534 732 753 770 Rhodiorum
782 736 935 784 iniuriis,
964 738 1070 774 simul
1099 740 1241 788 scripsit
1269 740 1313 775 ad
1341 740 1556 789 Ciceronem,
1587 743 1698 790 deque
1725 755 1765 778 ea
1791 755 1827 778 re
1854 743 1966 778 utitur

281 788 338 824 his
367 791 504 826 verbis:
532 791 667 827 Rhodii
693 806 753 829 uos
780 798 809 829 et
837 808 943 844 remp.
972 810 1073 845 quam
1106 799 1203 834 valde
1228 799 1498 847 desperaverint,
1527 814 1566 836 ea·
1581 801 1717 848 litteris,
1733 814 1819 849 quas
1826 801 1967 850 publice

283 849 375 894 misi,
401 861 586 896 coquosces.
616 852 734 895 Quum
761 865 805 888 ex
831 854 903 890 illis
931 855 1058 892 litteris
1086 858 1177 893 nihil
1204 863 1371 906 appareat
1399 859 1440 894 de
1467 860 1708 907 desperatione
1732 860 1962 904 Rhodiorum,

279 906 338 941 sed
367 908 591 944 manifestum
620 910 666 945 sit
693 923 750 946 eos
779 914 950 960 sprevisse
978 916 1172 952 Lentulum
1199 922 1233 953 et
1263 930 1384 966 remp.,
1406 919 1585 965 probanda
1601 922 1653 954 est
1667 918 1964 966 Kleyniiconiec·

278 968 357 1000 tura
384 968 588 1013 sprereriut.
617 969 774 1006 Facilius
802 973 897 1007 euim
926 973 1054 1010 ultima
1084 976 1224 1023 syllaba
1250 977 1345 1012 vocis
1375 977 1471 1012 valde
1497 978 1676 1024 geminata
1702 977 1786 1013 hinc
1804 977 1964 1026 despera-

280 1024 390 1057 verint
417 1024 492 1059 fieri
519 1027 644 1073 potuit,
674 1039 779 1074 quam
807 1031 835 1065 si
864 1030 985 1067 Cicero
1012 1035 1152 1081 scripsit
1179 1035 1406 1083 despexerint.

328 1081 416 1117 XII.
446 1084 504 1124 25,
535 1085 568 1120 1.
623 1085 745 1121 Pausa
774 1091 852 1123 tuas
879 1089 1000 1126 literas
1028 1093 1206 1128 recitavit:
1235 1106 1360 1141 magna
1389 1097 1529 1129 senatus
1554 1094 1762 1142 approbatio
1784 1097 1960 1129 consecuta

280 1142 328 1174 est
355 1152 429 1175 cum
458 1154 591 1177 summo
620 1156 690 1179 meo
714 1146 847 1192 gyaudio
873 1151 903 1183 et
929 1149 1118 1196 offensione
1144 1151 1356 1199 Minotauri,
1387 1153 1423 1188 id
1448 1156 1495 1188 est
1525 1153 1676 1189 Calvisii
1701 1157 1731 1188 et
1753 1154 1878 1189 Tauri.
1907 1153 1961 1189 De

276 1198 424 1234 veritate
465 1201 700 1248 supplementi
741 1217 811 1240 meo
838 1211 917 1254 post
943 1220 1075 1244 summo
1102 1210 1203 1246 nulla
1232 1211 1407 1247 dubitatio
1434 1224 1508 1247 esse
1534 1216 1660 1259 potest.
1701 1212 1873 1258 Alioquin
1901 1224 1960 1260 ap-

275 1257 437 1305 probatio
465 1264 608 1295 senatus
635 1262 837 1300 Minotauro
866 1267 972 1303 simul
1000 1270 1170 1315 gaudium
1197 1275 1230 1306 et
1257 1271 1488 1306 offensionem
1516 1271 1652 1306 dedisse
1679 1271 1863 1306 diceretur.
1892 1270 1959 1306 Sed

276 1317 384 1352 miror
423 1318 464 1354 B.
492 1323 527 1354 et
554 1320 652 1357 Wes.
679 1323 803 1360 tulisse
829 1325 987 1374 ineptam
1015 1328 1219 1365 Minotauri
1245 1331 1582 1378 interpretationem,
1613 1330 1650 1365 id
1676 1333 1723 1365 est
1752 1330 1902 1365 Calvisii
1929 1333 1960 1365 et

282 1375 409 1423 Tauri,
451 1379 552 1425 quasi
589 1381 695 1417 unius
734 1385 883 1420 monstri
912 1387 1054 1423 nomine
1079 1388 1148 1424 duo
1175 1389 1347 1436 homines,
1375 1390 1470 1437 iique
1498 1389 1599 1425 nulla
1624 1389 1772 1425 infamia
1799 1389 1958 1434 insignes

275 1434 453 1482 designari
479 1443 632 1484 possent.
687 1440 769 1476 Non
797 1442 920 1479 dubito
947 1445 1034 1492 quin
1060 1446 1122 1482 illo
1150 1448 1292 1484 nomine
1319 1452 1461 1484 notetur
1486 1448 1536 1484 M.
1564 1448 1758 1494 Antonius,
1789 1448 1958 1495 importu-

275 1493 423 1528 nissima
451 1494 573 1543 bellua,
602 1501 641 1533 ut
668 1498 706 1533 in
732 1500 826 1537 Phil.
855 1501 965 1540 XIII.
996 1506 1041 1540 22
1071 1506 1283 1554 appellatur.
1331 1507 1376 1542 In
1402 1507 1543 1554 litteris,
1573 1519 1660 1554 quas
1687 1507 1806 1543 Pansa
1834 1507 1957 1543 consul

272 1552 310 1587 in
338 1558 462 1589 senatu
490 1555 665 1600 recitavit,
694 1558 904 1598 Cornificius
931 1563 1071 1600 videtur
1098 1567 1282 1602 nuntiasse
1309 1579 1345 1602 se
1372 1579 1445 1602 non
1471 1567 1673 1603 discessisse
1696 1566 1832 1608 Africa,
1851 1579 1957 1614 quam

271 1623 335 1659 pro
362 1617 522 1660 praetore
549 1616 742 1665 obtinebat,
772 1632 882 1667 quum
908 1623 1092 1660 Antonius
1119 1626 1150 1661 ei
1179 1626 1378 1662 Calvisium
1404 1627 1586 1662 absentem
1611 1626 1836 1675 praefecerat,
1865 1626 1956 1661 utin

274 1670 319 1716 ἕο.
363 1683 433 1719 seq.
462 1678 637 1711 narratur.
689 1676 789 1720 Quod
817 1679 981 1717 additur:
1022 1683 1287 1732 Postulabatur,
1315 1688 1352 1720 ut
1379 1686 1482 1721 etiam
1509 1685 1566 1720 illi
1591 1687 1796 1719 notarentur
1822 1687 1956 1731 spectat

274 1727 317 1763 ad
345 1729 432 1765 duos
458 1730 603 1778 legatos,
645 1746 732 1781 quos
769 1736 947 1774 Calvisius
975 1739 1013 1775 in
1040 1741 1164 1778 Africa
1191 1743 1392 1791 reliquerat,
1420 1744 1463 1779 de
1490 1743 1618 1790 quibus
1645 1743 1764 1789 agitur
1789 1742 1827 1777 in
1858 1741 1954 1778 Phil.

273 1786 344 1822 III.
375 1789 431 1823 26.
473 1789 683 1828 Cornificius
710 1807 782 1830 non
808 1797 1010 1835 admonitus
1038 1800 1140 1837 facile
1166 1806 1303 1850 poterat
1330 1802 1539 1849 intelligere,
1574 1801 1652 1849 quis
1680 1801 1854 1836 diceretur
1883 1801 1955 1836 Mi-

275 1848 455 1893 notamus,
483 1851 518 1883 et
544 1850 690 1896 quinam
721 1852 776 1887 illi
801 1860 928 1892 essent.

322 1904 432 1941 XIII.
463 1907 495 1948 9,
525 1909 558 1944 2.
611 1909 802 1960 Kleynius,
830 1914 933 1951 homo
960 1928 1070 1963 sagax
1097 1918 1135 1953 in
1162 1919 1375 1967 detegendis,
1403 1920 1521 1955 audax
1548 1919 1586 1954 in
1613 1918 1778 1954 tollendis
1795 1917 1953 1965 interpo-

271 1961 476 2011 lationibuS,
516 1966 620 2014 plura
657 1969 696 2005 in
732 1970 798 2006 hac
833 1973 880 2019 §a
918 1977 1058 2012 notavit
1083 1978 1123 2013 in
1143 1979 1314 2026 puerilem
1341 1979 1484 2014 modum
1510 1978 1687 2025 adscripta
1713 1977 1806 2012 veris
1833 1979 1868 2011 et
1894 1987 1953 2022 ge-

274 2022 406 2057 nuinis.
435 2023 479 2058 In
507 2027 674 2063 extremis
700 2033 818 2066 autem
846 2033 963 2069 verbis
990 2047 1063 2071 non
1090 2036 1205 2072 solum
1235 2038 1271 2073 in
1297 2050 1336 2073 ea
1363 2038 1530 2082 societate,
1559 2035 1619 2071 sed
1648 2038 1760 2070 totum
1788 2033 1876 2069 illud
1892 2034 1954 2081 qui

271 2083 318 2115 est
346 2082 511 2128 maqister
540 2085 574 2118 in
603 2097 642 2120 ea
669 2089 826 2125 societate
853 2092 1031 2130 secludere
1058 2095 1237 2132 debuerat.
1286 2097 1381 2133 Nam
1408 2109 1448 2132 ea
1475 2095 1660 2131 continent
1686 2105 1818 2129 meram
1845 2092 1952 2127 inter-

270 2140 502 2186 pretationem
531 2143 727 2192 verborum,
757 2160 845 2194 quae
873 2151 1012 2199 Rupilii
1041 2155 1185 2190 nomina
1211 2156 1448 2204 praecedunt:
1490 2154 1590 2189 cuius
1609 2153 1844 2201 praecipuum
1870 2150 1951 2197 offi-

268 2197 361 2232 cium
387 2200 507 2246 agitur
530 2201 591 2236 hoc
617 2206 775 2252 tempore.

319 2256 429 2293 XIII.
459 2260 516 2306 26,
550 2261 580 2296 l.
634 2262 679 2298 L.
708 2264 900 2303 Mescinius
927 2281 965 2304 ea
994 2283 1123 2307 mecum
1150 2274 1398 2309 necessitudine
1423 2273 1624 2308 coniunctus
1658 2273 1716 2317 est,
1745 2269 1834 2318 quod
1860 2268 1951 2304 mihi

267 2319 426 2362 quaestor
462 2318 545 2365 fuit.
583 2320 755 2359 Ernestus
783 2328 935 2363 correxit
962 2341 1009 2376 eo,
1039 2331 1132 2377 quod
1159 2344 1237 2368 cum
1267 2333 1432 2368 Schutzio
1459 2331 1659 2379 reciperem,
1687 2329 1717 2365 si
1744 2340 1780 2364 eo
1800 2350 1841 2354 -Μ
1858 2327 1949 2375 quod

266 2385 329 2421 pro
360 2374 433 2410 ideo
458 2399 505 2403 —
521 2379 611 2425 quod
635 2380 844 2419 Tullianum
871 2390 974 2423 esset.
1002 2388 1151 2435 Legitur
1178 2391 1216 2426 in
1243 2391 1403 2427 Caesaris
1429 2393 1464 2426 et
1490 2389 1586 2425 Livii
1612 2387 1780 2432 historiis,
1808 2397 1881 2421 non
1907 2385 1947 2420 in

267 2432 449 2471 Ciceronis
476 2436 588 2474 libris.
618 2439 711 2476 Nam
740 2443 947 2490 seiungendi
975 2447 1020 2482 ab
1047 2447 1114 2484 hac
1141 2451 1346 2497 quaestione
1372 2450 1451 2497 loci,
1485 2448 1547 2485 ubi
1574 2447 1664 2496 quod
1689 2445 1849 2493 sequitur
1868 2446 1949 2493 post

266 2502 303 2526 eo
331 2494 445 2540 maqis
471 2495 528 2531 vel
555 2508 590 2531 eo
617 2499 744 2547 minus,
772 2505 812 2537 ut
839 2503 938 2540 Fam.
966 2505 1038 2542 III.
1070 2508 1127 2555 11,
1157 2509 1190 2545 3.
1220 2510 1298 2545 Att.
1330 2509 1378 2544 II.
1411 2509 1468 2555 16,
1498 2508 1530 2543 1.
1557 2505 1642 2542 XV.
1672 2505 1705 2551 9,
1724 2504 1757 2540 2.
1784 2502 1948 2539 Scriben-

262 2548 347 2585 dum
388 2557 441 2588 est
480 2565 520 2589 ea
547 2567 584 2591 re
610 2578 659 2584 —-
685 2559 786 2607 quod,
816 2565 855 2597 ut
881 2563 1032 2610 legimus
1085 2566 1184 2604 Fam.
1213 2568 1282 2604 XI.
1311 2571 1344 2615 2,
1374 2569 1408 2614 3,
1435 2570 1470 2603 et
1496 2569 1536 2602 ut
1561 2564 1605 2601 ad
1631 2564 1710 2600 Att.
1738 2561 1808 2599 XI.
1837 2561 1896 2608 12,
1925 2559 1944 2596 1
