2163 3020
805 859 1319 902 PRAEFATIO.

288 1264 395 1298 Anno
422 1259 791 1296 MDCOCLXXVHI
817 1262 972 1303 vocatus,
1000 1261 1040 1292 ut
1065 1256 1221 1302 aliquam
1240 1254 1301 1289 otii
1317 1258 1449 1301 partem
1465 1263 1701 1288 consumerem
1716 1252 1753 1287 in
1768 1251 1896 1286 litteris

236 1320 359 1357 latinis
385 1319 423 1354 in
449 1318 578 1354 recenti
605 1317 845 1353 Universitate
872 1316 1076 1361 studiorum,
1106 1326 1194 1361 quae
1219 1311 1523 1349 Amstelodamum
1548 1322 1644 1346 nunc
1657 1313 1768 1356 ornat,
1784 1309 1896 1357 expli-

238 1378 369 1424 candis,
406 1377 488 1412 novi
520 1375 674 1411 muneris
710 1375 852 1410 initium
887 1374 973 1410 duxi
1000 1374 1044 1409 ab
1072 1371 1358 1420 interpretatione
1384 1370 1609 1418 epistolarum
1635 1368 1685 1404 M.
1712 1367 1822 1403 Tullii
1849 1368 1894 1403 ad

239 1437 281 1482 Q.
313 1436 467 1481 fratrem,
508 1439 541 1469 et
577 1446 656 1469 cum
690 1433 853 1480 ingenuis
893 1431 1183 1477 adolescentibus,
1211 1430 1271 1476 qui
1297 1441 1353 1464 me
1378 1428 1578 1474 audiebant,
1604 1438 1767 1473 quaerere
1798 1426 1894 1474 coepi

239 1497 281 1532 de
307 1494 475 1530 varietate
513 1493 715 1540 scripturae,
756 1503 844 1538 quae
879 1492 915 1526 in
951 1489 1162 1526 editionibus
1190 1486 1390 1532 Orellianis,
1417 1485 1619 1522 Baiteriana
1645 1484 1754 1532 (Lips.
1785 1484 1892 1527 1866)

239 1565 358 1601 eaque,
386 1564 489 1599 quam
517 1551 652 1586 curavit
678 1550 762 1586 Alb.
791 1550 825 1586 S.
841 1550 1060 1595 Wesenberg
1087 1547 1185 1591 (ibid.
1217 1547 1339 1591 1872),
1367 1545 1556 1580 invenitur.
1585 1542 1730 1580 Ostendi
1758 1543 1894 1590 saepius

238 1613 343 1648 verba
378 1610 554 1657 scriptoris
593 1609 630 1644 in
664 1609 728 1644 hac
755 1608 861 1644 illave
887 1608 1037 1643 editione
1065 1607 1113 1642 sic
1139 1611 1292 1641 correcta
1318 1615 1402 1649 esse,
1430 1606 1470 1638 ut
1498 1603 1539 1637 de
1565 1601 1715 1637 sanitate
1741 1601 1894 1636 dubitari

237 1682 308 1706 non
334 1669 468 1714 debeat,
496 1668 716 1713 maximeque
743 1666 1044 1711 Wesmibergium,
1072 1666 1109 1700 111
1137 1662 1305 1699 sermonis
1318 1661 1477 1697 Tulliani
1497 1660 1611 1696 studio
1626 1659 1802 1694 subtiliter
1819 1671 1894 1694 ver-

236 1733 361 1773 satum,
389 1728 427 1762 in
453 1726 609 1773 epistolis
636 1725 849 1770 corrigendis
876 1724 983 1760 fuisse
1009 1723 1157 1759 felicem.
1185 1720 1392 1757 Invenimus
1417 1724 1545 1764 tamen,
1566 1729 1654 1765 quae
1677 1718 1892 1765 superiorum

238 1788 437 1823 criticorum
464 1786 573 1820 aciem
597 1785 759 1830 effugisse
785 1792 845 1819 aut
873 1783 1027 1818 nondum
1057 1786 1179 1817 sanata
1206 1779 1419 1815 viderentur.
1458 1778 1510 1813 De
1536 1777 1663 1824 quibus
1689 1776 1774 1811 locis
1808 1775 1891 1822 quid

238 1846 326 1882 mihi
359 1843 611 1880 decernendum
639 1843 808 1887 videatur,
845 1842 883 1877 in
910 1841 1060 1877 secundo
1088 1839 1200 1887 capite
1226 1838 1349 1873 harum
1376 1835 1668 1873 Observationum
1695 1834 1888 1881 explicabo.

289 1903 393 1948 Nam,
430 1906 469 1936 ut
504 1913 635 1936 servem
671 1901 826 1935 ordinem
861 1899 1085 1947 epistolarum
1122 1897 1226 1942 vulgo
1251 1904 1439 1942 receptum,
1466 1895 1504 1929 in
1530 1894 1641 1941 primo
1665 1893 1778 1939 capite
1804 1892 1892 1927 dabo

241 1962 375 2009 potiora
401 1972 445 1995 ex
471 1960 525 2005 iis,
553 1971 640 2005 quae
666 1959 703 1994 in
729 1958 897 2005 Epistolis
924 1957 967 1992 ad
993 1956 1199 1992 Familiares
1224 1953 1401 1998 adnotavi,
1423 1953 1506 1988 dum
1519 1963 1578 1987 eas
1592 1955 1753 1986 accurate
1767 1949 1892 1995 relego.

290 2020 375 2056 Alia
402 2025 453 2054 est
479 2018 573 2064 origo
603 2017 956 2061 animadversionum,
984 2026 1072 2062 quae
1101 2014 1202 2049 tertio
1229 2013 1341 2060 capite
1368 2011 1602 2046 continentur.
1641 2009 1733 2044 Nam
1757 2020 1801 2044 ex
1827 2019 1894 2054 quo

243 2084 395 2125 tempore
421 2076 584 2124 epistolas
610 2076 652 2111 ad
680 2076 840 2110 Atticum
867 2074 1024 2110 recensui
1052 2071 1367 2116 commentarioque
1392 2068 1556 2114 instruxi,
1583 2067 1674 2114 quod
1698 2066 1896 2101 factumest

243 2148 337 2171 anno
373 2134 643 2170 MDCCOLXV
678 2138 712 2169 et
750 2133 919 2180 sequenti,
962 2143 1143 2178 nunquam
1179 2142 1236 2165 eas
1262 2129 1299 2164 in
1327 2128 1466 2174 longius
1492 2132 1628 2174 tempus
1661 2125 1702 2160 de
1732 2124 1895 2160 manibus

244 2195 354 2242 posui,
382 2193 440 2229 sed
467 2193 666 2240 saepissime
694 2193 730 2226 in
756 2192 973 2237 marginibus
998 2190 1065 2225 mei
1092 2187 1242 2235 exempli
1268 2186 1444 2230 adnotavi,
1471 2196 1559 2231 qnae
1585 2183 1639 2219 vel
1653 2184 1697 2218 ab
1713 2182 1792 2218 aliis
1805 2186 1897 2217 recte

245 2254 427 2289 observata
452 2251 684 2296 inveniebam,
709 2251 764 2285 vel
792 2262 879 2297 quae
905 2250 978 2296 ipse
1004 2247 1206 2294 corrigenda
1234 2246 1379 2281 aliterve
1410 2242 1617 2292 explicanda
1639 2241 1895 2277 existimabam.

245 2311 302 2347 Ita
341 2311 468 2345 sensim
509 2314 606 2344 tanta
632 2309 898 2344 adnotationum
925 2307 1024 2354 copia
1050 2309 1133 2341 nata
1159 2310 1211 2340 est
1237 2308 1286 2348 ut,
1314 2302 1453 2349 quando
1478 2300 1572 2348 prior
1597 2299 1702 2334 editio
1727 2298 1898 2334 exhausta

245 2370 322 2414 erit,
349 2368 494 2403 alteram
528 2367 708 2414 aliquanto
740 2366 916 2401 meliorem
942 2366 1110 2401 adornare
1136 2375 1189 2398 me
1216 2373 1325 2409 posse,
1353 2360 1382 2395 si
1408 2371 1468 2406 per
1494 2362 1643 2394 aetatem
1668 2356 1797 2401 licebit,
1825 2367 1898 2402 spe-

247 2439 330 2463 rem.
382 2426 487 2460 Nune
523 2436 634 2472 pauca
669 2424 750 2459 inde
784 2423 991 2471 deprompsi,
1030 2433 1118 2468 quae
1152 2420 1279 2468 partim
1320 2417 1552 2453 defensionem
1586 2415 1775 2462 scripturae
1799 2426 1820 2449 a
1844 2426 1899 2448 me

246 2488 402 2531 receptae
429 2483 484 2517 vel
511 2482 712 2517 emendatae
737 2482 930 2528 continent,
956 2480 1082 2528 partim
1111 2479 1148 2513 in
1175 2478 1271 2512 vitiis
1298 2474 1461 2511 tollendis
1479 2473 1663 2519 verbisque
1684 2471 1900 2520 explicandis

246 2546 442 2577 versantur.

1743 2586 1762 2616 8

246 2665 400 2687 LETTERK.
427 2665 522 2686 visen.
550 2665 611 2685 nnn
638 2664 794 2685 RONINKL.
819 2656 1001 2684 AKA'DEMIE.
1028 2661 1109 2682 DEEL
1134 2648 1231 2680 ΧΙῘΙ.
