2163 3020
234 251 279 285 IS
435 259 748 289 OBSERVATIONES
771 259 948 288 t‘RITrc-AE
972 260 1022 288 Al)
1046 260 1083 288 M.
1106 259 1237 288 TULLII
1264 257 1465 288 CICERONIS
1490 259 1706 288 EPISTOLAS.

236 358 454 406 patiantur''‚
483 362 623 393 secutus
649 357 863 404 Mamstium,
899 358 960 406 qui
987 370 1020 394 v,
1049 358 1225 406 eorrepere
1248 358 1368 393 eadem
1396 357 1429 392 vi
1458 357 1541 404 poni
1569 357 1607 392 in
1634 357 1699 405 Ep.
1729 359 1749 393 ‘2
1784 358 1914 394 iudices

236 418 483 465 corripuerunt
509 416 718 452 clamoribus
744 417 892 454 monuit.
921 417 987 453 Sed
1016 429 1124 465 quum
1150 416 1353 465 praecedat:
1383 418 1502 451 contra
1532 415 1714 451 Caesarem
1731 417 1915 452 sententias

237 474 333 521 dicit,
374 487 445 510 non
484 475 566 510 licet
605 477 885 523 erspectationem
927 476 970 511 ad
1008 476 1097 512 alios
1131 475 1259 512 referre
1295 487 1400 522 quam
1428 475 1471 510 ad
1499 475 1695 511 Caesarem.
1730 475 1916 525 Corripere

241 535 521 582 ersJ.›eetat1'o›1ertz
547 534 677 569 dicitur
703 538 742 569 ut
769 535 946 583 corripere
971 547 1089 570 moras
1114 534 1232 581 (Ovid.
1260 534 1346 570 Met.
1373 533 1443 570 IX.
1473 534 1572 580 282),
1600 535 1775 582 corripere
1799 537 1917 584 spatia

240 592 363 639 (Verg.
391 594 482 629 Aen.
509 593 554 629 V.
585 594 683 640 316),
711 606 800 641 quae
826 593 973 629 Rossius
999 597 1081 642 apte
1107 593 1335 641 comparavit.
1363 592 1483 628 Verba
1509 593 1628 640 itaque
1643 594 1692 629 sie
1706 594 1916 642 explicanda

239 651 420 687 videntur:
461 652 592 688 Hirrus
631 652 805 688 deminuit
839 653 1137 701 exspectationem
1176 652 1218 688 de
1245 652 1436 700 provinciis
1464 651 1636 688 Caesaris.
1666 652 1720 689 Cf.
1748 665 1801 701 ep.
1831 654 1863 700 8,
1893 655 1915 689 4

236 711 483 759 exspectatione
512 711 726 747 Galliarum.

290 770 397 806 VIII.
427 771 460 817 9,
489 772 522 806 5.
575 770 766 818 Pompeius
801 773 882 806 {nus
917 773 1034 818 aperte
1072 781 1142 805 ‘non
1181 769 1255 804 redi
1292 768 1476 804 Caesarem
1503 771 1532 803 et
1553 769 1778 816 provinciam
1803 772 1917 805 tene-re

240 841 315 864 cum
344 830 493 864 exercitu
520 832 550 864 et
576 829 744 864 consulem
770 841 855 864 esse:
891 829 962 877 ipse
988 831 1101 864 tamen
1128 831 1192 864 001.
1221 828 1277 863 Ita
1304 827 1413 862 edidit
1439 827 1607 863 Wesenb.
1636 839 1715 862 eum
1743 827 1917 864 Lambino

241 899 308 922 uon
338 887 409 923 vult
435 887 566 923 addens
593 891 626 923 et
653 900 715 936 pro
742 888 861 923 consul
888 888 1044 923 scribens
1072 887 1242 923 consulem
1269 898 1347 934 esse,
1376 886 1582 933 monuitque
1609 886 1646 921 in
1674 886 1754 922 adn.
1772 887 1920 934 provin·

242 947 316 982 cias
352 947 498 982 fortasse
534 946 651 982 verius
689 958 772 981 esso.
801 946 879 981 Hoc
906 946 1132 982 verissimum
1158 949 1264 993 puto,
1290 957 1372 980 nam
1400 944 1541 980 Caclius
1568 944 1656 980 solet
1682 956 1806 980 vocare
1835 944 1913 980 Gal-

243 1006 312 1041 lias
338 1010 372 1041 et
399 1005 440 1040 de
459 1006 659 1053 provinciis
689 1005 853 1041 Caesaris
878 1017 992 1052 agere.
1020 1004 1091 1041 vid.
1119 1004 1154 1041 h.
1175 1004 1200 1040 l.
1226 1005 1260 1051 4,
1281 1006 1314 1040 4.
1345 1005 1377 1046 9,
1395 1005 1427 1040 2.
1459 1004 1516 1051 14,
1533 1005 1565 1039 2.
1593 1007 1627 1039 et
1653 1003 1696 1040 cf.
1724 1016 1813 1051 quae
1838 1004 1924 1040 We-

243 1065 448 1111 senbergius
488 1065 525 1100 in
553 1064 702 1100 Emend.
731 1064 792 1100 alt.
822 1077 855 1113 p.
886 1066 931 1100 ‘22
960 1065 1027 1100 1130
1054 1064 1097 1099 de
1122 1076 1160 1099 re
1185 1064 1335 1099 monuit.
1384 1063 1455 1099 1113
1482 1063 1600 1098 minus
1626 1063 1744 1110 probo.
1775 1063 1923 1099 Collatis

241 1124 297 1171 iis,
326 1136 415 1172 quae
442 1128 526 1159 sunt
552 1124 590 1159 in
618 1136 671 1172 ep.
703 1125 759 1171 11,
789 1125 808 1159 3
842 1124 1050 1171 „Pompeius
1079 1145 1127 1149 -
1154 1123 1256 1158 valde
1283 1134 1355 1158 non
1381 1122 1460 1158 vult
1487 1126 1521 1157 et
1547 1122 1652 1170 plane
1682 1123 1782 1158 timet
1797 1123 1923 1158 Caesa-

243 1196 316 1219 rem
345 1183 524 1219 consulem
551 1182 729 1228 designari
755 1183 866 1231 prius,
895 1195 1000 1230 quam
1030 1182 1225 1217 exercitum
1252 1184 1286 1217 et
1312 1180 1513 1229 provincias
1540 1180 1745 1216 tradiderit''
1767 1181 1925 1228 suspicor

246 1246 325 1292 post
363 1245 480 1290 aperte
519 1241 692 1277 excidisse
726 1242 832 1288 timet,
873 1245 907 1277 et
947 1241 1067 1276 consul
1105 1240 1193 1276 1111111
1233 1240 1372 1275 videtur
1399 1239 1449 1275 sie
1476 1251 1576 1287 posse
1603 1239 1770 1288 suppleri,
1798 1243 1837 1275 ut
1863 1240 1925 1276 fiat

249 1301 478 1348 consulatum,
506 1300 577 1336 nisi
604 1300 723 1349 potius
750 1301 975 1336 scribendum
1002 1304 1055 1336 est
1081 1299 1252 1335 consulem
1278 1298 1368 1346 fieri,
1395 1302 1435 1334 ut
1462 1298 1499 1333 in
1526 1310 1579 1346 ep.
1611 1299 1667 1344 14,
1693 1299 1724 1333 2.

298 1361 406 1396 VIII.
437 1361 494 1407 10,
524 1362 557 1395 5.
619 1360 690 1395 Tm·
727 1360 866 1395 consilii
891 1363 949 1406 est,
977 1360 1010 1395 si
1035 1362 1179 1407 tempus,
1207 1359 1240 1394 ses
1266 1361 1405 1393 senatus
1431 1360 1522 1405 coqet
1549 1379 1595 1383 —
1624 1357 1749 1392 velisne
1768 1369 1926 1406 perseve-

250 1432 343 1456 rare.
371 1420 453 1455 Non
480 1431 570 1466 nego
596 1419 681 1455 11300
708 1419 790 1455 ferri
817 1431 928 1467 posse,
955 1419 1062 1455 verbo
1095 1421 1185 1467 coyet
1216 1422 1289 1454 tam
1316 1418 1359 1453 ad
1387 1420 1530 1465 tempus,
1559 1429 1664 1464 quam
1691 1417 1734 1452 ad
1763 1420 1925 1452 senatum

252 1480 374 1516 relato.
412 1479 478 1515 Sed
506 1491 614 1526 quum
641 1479 755 1525 cogito
782 1479 918 1525 quoties
944 1478 982 1514 in
1009 1478 1065 1514 his
1092 1477 1249 1526 epistolis
1276 1476 1418 1524 aliquod
1445 1476 1591 1512 verbum
1618 1475 1807 1511 alibrariis
1822 1475 1926 1512 omis-

253 1551 332 1575 sum
359 1539 416 1585 sit,
446 1537 606 1574 Caelium
636 1538 817 1586 scripsisse
854 1538 1038 1573 existimo:
1080 1538 1112 1572 si
1139 1539 1272 1585 tempus
1299 1536 1397 1584 feret,
1424 1536 1457 1570 317
1487 1538 1626 1570 senatus
1652 1538 1751 1582 coget.
1780 1534 1823 1571 cf.
1852 1534 1924 1571 Cic.

253 1611 287 1647 p.
316 1598 417 1634 Caec.
446 1598 504 1634 75.
531 1598 564 1633 si
590 1600 723 1645 tempus
750 1598 798 1632 ita
827 1596 946 1644 ferret.
976 1597 1075 1632 Fam.
1103 1595 1188 1632 XV.
1218 1597 1252 1642 4,
1282 1595 1302 1630 8
1330 1595 1363 1630 si
1391 1595 1438 1629 ita
1466 1597 1599 1642 tempus
1625 1593 1745 1640 ferret.

302 1657 411 1692 VIII.
441 1657 498 1703 11,
526 1657 559 1692 4.
613 1655 754 1692 Caelius
782 1656 986 1692 Ciceronem
1012 1656 1110 1691 iubet
1137 1667 1155 1691 e
1182 1654 1432 1691 commentario
1447 1666 1562 1689 rerum
1577 1653 1804 1699 urbanarum,
1821 1663 1926 1699 quem

253 1716 285 1752 ci
311 1716 432 1761 mittit,
461 1715 617 1761 seligere,
646 1727 734 1763 quae
759 1715 867 1763 difflua
894 1718 985 1762 sunt,
1013 1714 1126 1750 multa
1153 1717 1274 1761 utpote
1300 1713 1434 1749 leviora
1460 1711 1620 1747 transire.
1673 1711 1718 1746 In
1744 1711 1800 1746 his
1826 1710 1927 1758 ponit

252 1775 416 1810 ludorum
443 1774 653 1822 explose'ones
678 1777 708 1809 et
734 1773 901 1821 funerum
927 1777 957 1809 et
986 1773 1200 1821 ineptiarum
1226 1775 1429 1807 ceterarum.
1457 1770 1502 1806 In
1529 1770 1622 1805 ludis
1642 1769 1728 1805 etin
1742 1769 1927 1804 funeribus

255 1834 415 1870 homines
441 1833 623 1868 exsibilari
647 1836 682 1868 et
708 1833 849 1881 explodi
876 1833 1030 1881 potuisse
1059 1833 1141 1880 scio,
1175 1832 1234 1868 sed
1260 1831 1345 1879 quid
1372 1831 1445 1866 sint
1471 1829 1682 1877 e.rplosz'0›zes
1709 1829 1928 1876 ineptiarum

254 1896 447 1928 ceterarum
472 1904 545 1927 non
571 1891 743 1938 intelligo.
771 1892 819 1927 Et
844 1891 949 1940 plane
976 1892 1136 1939 ineptum
1163 1894 1226 1938 est,
1255 1890 1347 1937 quod
1375 1889 1536 1925 additur:
1559 1887 1671 1936 plura
1698 1886 1796 1922 habet
1811 1886 1926 1922 utilia.

256 1951 366 1995 Quasi
392 1963 474 1987 vero
501 1950 622 1987 Cicero
649 1963 832 1998 nunquam
858 1951 1004 1986 vidisset
1031 1950 1321 1986 commentarium
1349 1960 1464 1984 rerum
1483 1947 1722 1982 urbanarum!
1751 1949 1812 1981 aut
1827 1944 1928 1992 quasi

257 2021 328 2045 non
356 2009 440 2044 satis
461 2012 536 2044 erat
562 2009 714 2045 dixisse:
743 2021 783 2045 ex
810 2021 874 2057 quo
901 2012 949 2056 tu,
978 2021 1064 2057 quae
1089 2009 1198 2057 (liqna
1224 2010 1314 2054 sunt,
1330 2007 1444 2054 seliqe.
1473 2005 1564 2041 Vide
1578 2017 1622 2040 ne
1642 2005 1691 2040 sie
1706 2003 1929 2039 scribendum

255 2072 290 2104 et
317 2068 639 2116 interpungendum
667 2068 733 2104 sit:
762 2068 872 2104 multa
900 2069 1026 2116 transi,
1057 2069 1091 2103 in
1113 2068 1249 2116 primis
1275 2066 1439 2102 ludorum
1466 2064 1677 2112 explosiones
1703 2066 1732 2098 et
1750 2062 1928 2110 funerum,

256 2129 286 2162 et
314 2128 431 2174 (quae)
460 2127 673 2174 ineptiarum
700 2129 894 2163 ceterarum
914 2128 1026 2175 plura
1053 2127 1152 2163 habet
1177 2126 1262 2163 αῖία.
1308 2125 1402 2161 Nam
1429 2124 1495 2159 1100
1514 2122 1670 2171 praefero
1685 2121 1834 2157 aliorum
1849 2133 1930 2156 0011-

258 2185 401 2221 iecturis
430 2185 572 2220 inutilia
599 2185 667 2232 (ed.
695 2185 835 2234 Neap.),
872 2186 959 2221 ΐαῖία
988 2185 1032 2230 (I.
1060 2185 1256 2232 Guilelm),
1286 2183 1411 2231 futilia
1438 2181 1618 2228 (Weisk.).

308 2243 416 2280 VIII.
448 2245 504 2291 14,
535 2245 566 2280 1.
619 2243 755 2292 Magma
796 2245 858 2280 illa
899 2246 1039 2281 comitia
1079 2244 1226 2292 fuerunt
1253 2246 1282 2279 et
1301 2243 1411 2292 plane
1436 2241 1555 2277 studia
1581 2252 1621 2275 ex
1639 2239 1803 2287 partium
1829 2249 1932 2273 sensu

259 2306 514 2350 apparuerunt.
552 2303 665 2339 Nemo
702 2303 933 2352 interpretum
960 2303 1045 2339 11300
1071 2303 1179 2339 verba
1205 2301 1335 2348 attigit,
1366 2312 1454 2348 quae
1481 2299 1568 2335 mihi
1595 2297 1735 2345 quidem
1763 2299 1846 2332 sunt
1872 2295 1932 2331 ob·

260 2361 473 2397 scurissima.
515 2361 546 2397 E
584 2361 780 2397 Wielandii
821 2362 1110 2411 interpretatione
1146 2361 1309 2397 liberiore
1353 2359 1478 2406 „Diese
1505 2356 1680 2393 Comitien
1707 2366 1826 2390 waren
1851 2353 1932 2389 sehr

260 2418 417 2466 wiohtig,
445 2419 525 2455 weil
552 2420 613 2456 das
640 2420 816 2456 Interesse
844 2421 904 2456 der
932 2421 1097 2457 Parteien
1125 2420 1283 2456 offenbar
1309 2418 1371 2454 das
1399 2415 1568 2453 Triebrad
1583 2414 1670 2450 aller
1683 2413 1932 2458 Bewegungen

261 2479 359 2514 war''
387 2478 478 2514 nihil
504 2479 593 2515 lucis
620 2480 742 2516 oritur.
770 2479 985 2516 Schraderus
1010 2480 1219 2528 adscripsit:
1240 2478 1340 2525 „fort
1355 2478 1423 2524 leg.
1438 2475 1556 2512 studia
1564 2474 1726 2523 partium
1740 2483 1780 2507 ex
1794 2470 1932 2506 sensu⁷’.

261 2537 431 2574 Nondum
458 2538 628 2586 intelligo
658 2539 899 2586 Intelligerem
929 2540 978 2575 sie
1005 2539 1160 2588 scripta:
1189 2560 1236 2565 —
1263 2540 1293 2573 et
1312 2537 1422 2585 plane
1446 2534 1564 2571 studia
1586 2532 1748 2581 partium
1773 2533 1934 2566 etsensus
