2163 3020
462 280 773 310 OBSERVATIONES
796 280 970 309 ORITICAE
993 279 1045 307 AD
1069 280 1104 308 M.
1128 278 1256 306 TULLII
1279 277 1478 306 CICERONIS
1501 275 1712 304 EPISTOLAS.
1866 264 1912 299 27

262 380 351 415 coni.
379 380 487 414 edidit
513 379 661 426 fidelitas
688 382 717 414 et
743 378 945 425 fruyalitas.
973 377 1062 412 Mihi
1090 377 1126 412 in
1154 379 1304 411 mentem
1331 375 1427 410 venit
1453 374 1643 421 fidelitas-et
1660 373 1803 417 utilitas,
1821 371 1913 417 cogi-

263 439 353 474 tanti
379 439 422 474 ad
449 439 525 473 Att.
553 437 638 473 VH.
668 440 700 483 5,
729 439 749 472 2
778 437 819 471 de
845 437 973 471 Tirone
1000 435 1158 470 Marcum
1184 435 1355 469 affirmare
1369 446 1447 468 cum
1465 432 1641 467 mirabiles
1659 431 1725 466 sibi
1742 431 1912 466 utilitates

263 497 435 545 praebere,
463 497 505 532 ad
533 497 715 543 ipsumque
742 507 846 543 supra
872 508 923 542 ep.
954 496 973 529 3
1002 498 1089 529 extr.
1118 493 1284 528 scribere:
1331 491 1564 537 „utilitatibus
1593 491 1662 525 tuis
1689 501 1828 537 possum
1857 500 1912 523 ca-

264 555 372 591 re1·e.''
410 555 478 590 Pro
505 554 658 589 utilitate
684 554 720 588 in
747 566 799 600 ep.
832 554 886 599 12,
917 555 936 587 b*
965 552 1064 599 ponit
1090 563 1239 598 operam.

314 614 417 649 XVI.
449 614 503 658 18,
535 614 564 648 1.
618 612 691 647 Fae
717 611 821 646 bellas
849 614 1029 657 revertare,
1059 622 1125 645 mm
1153 608 1248 644 modo
1278 612 1311 643 act
1339 611 1378 653 te,
1409 607 1466 642 secl
1492 608 1594 641 etiam
1621 609 1658 640 ut
1679 605 1913 641 Tusculanum

265 676 421 708 vostrum
453 672 537 719 plus
562 682 681 705 amem.
733 670 790 705 Ita
817 670 873 704 hic
899 670 995 704 locus
1022 668 1223 704 scribendus
1250 667 1396 712 videtur,
1426 669 1462 701 ut
1488 666 1541 700 bis
1572 665 1712 699 inserto.
1764 663 1856 698 Nam
1882 662 1912 697 si

265 731 384 766 Cicero
412 729 602 764 sententias
630 740 698 761 non
726 727 946 772 coniungere,
975 726 1033 761 sed
1059 726 1216 761 absolute
1234 737 1359 772 ponere
1375 723 1552 768 voluisset,
1570 721 1767 768 scripsisset
1781 720 1910 755 amabo.

316 788 405 823 Ibid.
436 790 468 822 2.
523 785 664 832 Calface
690 786 869 831 hommem,
900 788 936 819 ut
963 796 1020 832 eqo
1046 784 1265 827 Blotltonem;
1295 783 1405 829 itaque
1431 781 1553 816 abactor
1579 780 1724 814 coronis.
1752 778 1813 814 Nil
1840 789 1917 824 pro-

266 846 342 881 dest
368 845 479 891 ignoti
506 844 656 879 hominis
683 843 817 878 nomini
845 843 914 878 alia
942 843 1152 878 substituere
1178 841 1357 876 Mathonis
1384 840 1439 875 vel
1466 840 1515 874 M.
1545 838 1706 883 Othonis,
1734 837 1915 872 hominum

267 917 376 951 aeque
402 904 609 949 ignotorum.
659 902 724 937 Sed
751 901 908 947 quisquis
935 901 995 936 ille
1021 901 1098 947 fuit,
1128 901 1168 935 de
1195 912 1262 946 quo
1289 899 1416 945 agitur,
1443 898 1580 932 videtur
1606 895 1813 931 conduxisse
1839 894 1918 929 lior-

268 967 343 998 tum
369 962 545 998 Ciceronis
572 964 643 995 tam
670 960 789 1006 aequis
816 959 1085 1005 conditionibus,
1112 962 1151 993 ut
1179 958 1322 992 locatori
1349 956 1486 1003 saepius
1512 955 1613 990 flores
1640 954 1854 988 ministraret
1873 951 1915 987 ad

268 1020 467 1069 plectendas
494 1030 647 1054 coronas
677 1019 773 1060 Quae
800 1017 950 1063 suspicio
976 1017 1005 1052 si
1032 1017 1208 1064 probatur,
1235 1014 1414 1062 probabile
1440 1017 1492 1049 est
1508 1013 1707 1048 Ciceronem
1722 1010 1917 1057 scripsisse:

269 1081 383 1127 itaque
409 1077 545 1113 abundo
570 1076 715 1122 coronis,
743 1086 814 1110 non
840 1075 927 1109 illud
954 1075 1044 1121 quod
1071 1074 1204 1109 codices
1231 1073 1262 1108 ei
1289 1073 1323 1108 h.
1351 1072 1373 1107 1.
1401 1072 1573 1106 tribuunt.

948 1380 1161 1417 CAPUT
1200 1379 1250 1415 ΙΙ.

447 1543 707 1571 EPISTOLARUM
733 1543 784 1568 AD
810 1542 981 1572 QUINTUM
1007 1540 1184 1567 FRATREM
1210 1539 1312 1565 LIBRI
1338 1536 1429 1563 TRES
1456 1533 1734 1561 CORRIGUNTUR.

321 1670 350 1705 I.
382 1671 412 1716 1,
441 1670 473 1704 3.
513 1668 608 1703 Mihi
633 1667 738 1712 erede,
767 1678 857 1702 mnes
882 1677 996 1700 aumas
1021 1665 1162 1699 additas
1176 1660 1558 1698 laborituomultorum
1571 1668 1743 1692 annorum
1756 1656 1925 1691 laetitiam

272 1728 378 1772 nobis,
409 1728 510 1762 immo
538 1738 613 1761 vero
640 1726 742 1760 etiam
766 1725 912 1772 posteris
938 1723 1066 1758 nostris
1091 1722 1223 1768 afferet.
1252 1719 1430 1763 Quomodo
1449 1719 1632 1764 prorogata
1647 1713 1846 1761 provinciae
1863 1713 1922 1748 ad-

272 1786 484 1821 ministratio
509 1785 556 1820 M.
585 1789 619 1819 et
645 1784 686 1826 Q.
715 1783 920 1818 Ciceronum
947 1781 1092 1829 posteris
1117 1779 1287 1815 laetitiam
1317 1777 1439 1812 afferre
1465 1773 1627 1822 potuerit,
1655 1784 1726 1807 non
1753 1771 1925 1817 intelligo.

272 1845 405 1891 Aliqua
431 1844 576 1878 fortasse
602 1843 682 1877 inde
710 1842 819 1887 gloria
846 1841 922 1887 capi
949 1842 1092 1886 poterat.
1138 1839 1252 1881 Quare
1278 1848 1400 1871 verum
1426 1844 1559 1878 cense0‚
1588 1831 1677 1878 quod
1703 1831 1742 1865 in
1769 1830 1926 1876 margine

274 1903 347 1938 cod.
376 1901 521 1937 Medicei
548 1912 609 1947 pro
639 1901 739 1934 immo
766 1899 934 1945 scriptum
961 1901 1013 1932 est
1036 1897 1198 1943 qloriarn.

324 1960 353 1995 Ι.
384 1961 415 2005 1,
444 1962 477 1994 4.
517 1958 572 1994 Ne
598 1957 781 1992 contrahas
807 1968 846 1990 ae
872 1955 1028 1990 demittas
1055 1954 1222 1998 animum,
1251 1956 1290 1987 ut
1316 1952 1483 1998 scriptum
1512 1952 1563 1984 est
1590 1948 1627 1982 in
1651 1947 1755 1992 Med„
1771 1944 1925 1993 praefero

276 2017 467 2065 scripturae
502 2029 523 2051 a
560 2015 811 2060 Wesenbergio
847 2026 864 2048 e
900 2013 992 2048 Crat.
1029 2018 1196 2059 receptae,
1234 2011 1271 2045 in
1308 2021 1377 2055 qua
1402 2020 1463 2056 pro
1489 2019 1528 2042 (tc
1555 2006 1697 2054 ponitur
1722 2007 1794 2038 aut.
1834 2003 1927 2037 Nam

274 2075 403 2110 locutio
439 2074 620 2120 desumpta
658 2073 796 2107 videtur
832 2084 852 2106 a
887 2071 1015 2116 nautis,
1056 2070 1115 2116 qui
1152 2070 1282 2104 oriente
1321 2069 1525 2114 tempestate
1550 2064 1630 2099 vela
1656 2061 1867 2098 contrahunt
1893 2063 1930 2095 et

276 2134 474 2168 demittunt.
514 2132 566 2167 Cf.
608 2132 685 2166 Fin.
725 2130 790 2165 IV.
834 2131 876 2164 14
913 2130 1046 2164 (animos
1082 2128 1262 2162 demittunt
1288 2129 1317 2161 et
1343 2124 1558 2169 contrahunt,
1586 2126 1621 2158 et
1647 2120 1771 2156 deinde
1797 2120 1835 2154 in
1861 2129 1927 2165 quo

276 2192 408 2227 demitti
444 2190 666 2236 contrahique
705 2189 821 2223 animo
862 2191 989 2222 rectum
1027 2198 1094 2221 esse
1134 2186 1304 2220 videatur.
1346 2183 1475 2219 Melius
1511 2182 1575 2216 11οο
1602 2180 1704 2215 modo
1730 2179 1785 2213 his
1812 2176 1929 2212 verbis

276 2249 496 2296 respondent,
525 2260 611 2294 quae
639 2250 847 2293 sequuntur:
876 2248 1059 2292 contraque
1085 2247 1115 2278 te
1141 2244 1255 2290 eriyczs
1281 2254 1321 2277 ae
1347 2242 1487 2276 resistas
1513 2239 1666 2286 neyotiiS.

327 2308 356 2342 I.
386 2309 417 2352 1,
449 2308 503 2341 13.
545 2306 624 2341 Sint
650 2316 752 2339 aures
778 2308 865 2350 tuae,
894 2316 980 2350 quae
1007 2303 1053 2349 id,
1081 2302 1171 2349 quod
1197 2301 1356 2346 audiunt,
1384 2299 1620 2334 existimentur
1647 2294 1781 2339 audire,
1798 2305 1864 2328 non
1893 2292 1928 2326 ιή

277 2377 363 2412 quas
401 2364 475 2410 fiete
513 2367 542 2398 et
579 2362 739 2398 simulate
777 2365 936 2409 quaestus
973 2373 1078 2396 eausa
1114 2361 1364 2395 msusmwetur.
1392 2358 1516 2392 Franc.
1545 2355 1803 2397 Hotomannus,
1830 2350 1930 2385 cuius

278 2422 546 2458 commentarius
572 2421 614 2456 ad
643 2422 733 2455 hanc
760 2421 942 2467 epistolam
968 2420 1135 2467 repetitus
1161 2422 1213 2454 est
1239 2418 1276 2452 in
1304 2416 1454 2452 editione
1480 2414 1568 2460 Epp.
1596 2411 1639 2446 ad
1666 2411 1707 2454 Q.
1722 2410 1764 2445 fr.
1778 2409 1932 2454 Hagana

279 2493 310 2516 a.
351 2482 443 2515 1725
483 2492 515 2527 p.
556 2481 623 2513 193
662 2490 767 2524 seqq.,
797 2479 944 2525 priorem
980 2477 1172 2512 sententiae
1208 2479 1339 2522 partem
1376 2476 1477 2507 vocat
1503 2470 1750 2506 subobscuram
1777 2477 1840 2500 nec
1866 2475 1932 2499 sua

280 2538 565 2585 interpretatione
593 2536 751 2572 tenebras
780 2536 952 2571 discussit.
991 2535 1089 2578 Quod
1115 2534 1154 2568 in
1180 2533 1290 2568 altera
1316 2535 1413 2579 parte
1439 2529 1596 2576 sequitur
1623 2526 1866 2561 'insusurretur
1893 2521 1931 2556 in

1719 2584 1792 2614 11*
