2163 3020
503 251 814 282 OBSERVATIONES
835 252 1010 283 CRITIGAE
1032 254 1083 283 AD
1104 254 1141 282 M.
1165 254 1293 282 TULLII
1316 252 1513 282 CICERONIS
1535 253 1750 282 EPISTOLAS.
1973 234 2018 274 67

239 345 402 375 Posteritas
423 346 461 375 cle
481 347 588 384 futuro
608 350 745 386 tempore
767 348 794 377 7.

240 392 335 421 Potiri
355 393 488 423 absolute
509 393 556 423 19.

242 440 406 478 Praeceptis
428 444 456 470 et
477 442 616 480 deceptus
635 447 858 481 permutantur
879 445 928 475 31.

241 487 412 518 Praedicare
434 493 463 518 et
485 491 650 527 praecidere
671 491 698 520 8.

240 538 427 566 Praetextata
448 537 600 578 (fabulam)
621 549 730 577 ponere
751 541 889 570 vitiosum
910 540 958 572 22.

240 585 359 614 Primus
380 601 419 607 —
440 587 592 623 proximus
615 586 662 616 28.

240 632 406 662 Producere
427 632 477 663 35.

241 683 432 720 Προλεγὸμεναι
453 685 626 719 suspectum
647 682 695 711 20.

241 728 386 766 Prosequi
406 746 446 750 —
467 731 605 767 persequi
626 729 675 760 61.

241 775 411 805 Provinciae
433 776 564 806 Caesaris
586 777 626 807 18
647 781 677 807 et
695 778 744 809 26.

242 823 378 853 Prudens
401 841 438 845 —
459 825 587 861 prodens
609 825 658 855 10.

241 920 265 954 Q
286 922 359 949 nota
380 922 550 950 numeralis
570 921 618 951 55.

242 967 336 1002 Quam
358 971 386 996 et
406 969 485 1005 quod
504 973 723 1006 permutantur
743 970 791 1000 14.

243 1015 337 1050 Quam
358 1016 389 1044 in
410 1019 440 1045 te
457 1027 555 1053 prave
573 1027 632 1056 pro
654 1028 713 1055 qua
733 1020 832 1049 mente
853 1018 872 1048 6

242 1064 352 1098 Quanti
372 1064 440 1093 licet
460 1064 507 1093 57.

242 1111 321 1145 Quas
339 1121 400 1150 pro
422 1122 481 1150 qua
502 1113 520 1141 S
543 1113 591 1142 17.

242 1160 318 1194 Quid
339 1160 429 1198 ergo?
451 1160 499 1190 60.

243 1207 459 1242 Qummmms
481 1209 505 1237 I.
529 1209 561 1237 Ο.
583 1209 632 1238 ΙΧ.
654 1210 682 1246 3,
705 1209 744 1238 72
765 1212 929 1249 temptatur
949 1211 999 1242 61.

241 1299 350 1328 Recens
371 1309 447 1329 nova
469 1301 549 1329 male
571 1302 637 1330 sine
658 1303 764 1340 copula
787 1302 834 1334 22.

242 1347 366 1385 Reliqua
386 1347 434 1376 25.

242 1395 428 1433 Respondere
448 1398 530 1434 paria
551 1399 672 1435 paribus
693 1398 743 1429 50.

241 1444 354 1482 Rogare
377 1445 495 1475 insolite
514 1447 643 1484 ponitur
665 1447 712 1477 19.

243 1492 334 1521 Roma
355 1492 484 1522 solitudo
507 1493 583 1522 facta
604 1493 653 1524 16.

243 1587 385 1617 Saevitiae
406 1589 624 1627 compendium
646 1589 693 1619 28.

244 1635 419 1665 Scuamnm
439 1637 464 1666 I.
485 1637 668 1666 coniecturae
689 1639 816 1669 ineditae
837 1640 864 1676 3,
887 1640 914 1675 6,
927 1640 1098 1679 11,16‚18.

244 1683 383 1718 Scribere,
405 1684 578 1719 describere,
601 1687 762 1716 exscribere
783 1687 833 1717 38.

244 1731 375 1761 Scribere
396 1732 597 1769 disputatione
618 1732 647 1763 6.

243 1779 300 1808 Sed
320 1782 494 1817 suspectum
515 1779 563 1809 53.

243 1827 298 1856 Sed
320 1827 408 1855 etiam
431 1837 492 1856 non
507 1829 712 1866 praecedente
733 1839 794 1861 non
815 1832 901 1862 modo
923 1832 972 1864 29.

243 1874 364 1912 Semper
387 1875 459 1904 latet
481 1877 513 1904 in
535 1885 602 1905 cum
623 1887 676 1914 per
697 1877 746 1907 29.

243 1922 354 1951 Sensus
374 1922 422 1952 19.

242 1970 337 1999 Senus
358 1983 397 1994 =
417 1972 501 2000 sinus
522 1971 570 2001 12.

243 2018 273 2046 Si
293 2019 413 2056 saepius
434 2021 599 2058 repetitum
620 2021 668 2050 40.

243 2066 289 2094 Sic
310 2076 379 2095 vero
400 2066 450 2096 28.

241 2111 320 2140 Sicae
342 2121 416 2141 uxor
437 2112 484 2141 62.

1144 350 1188 378 Sis
1210 353 1383 388 suspectum
1405 349 1454 379 59.

1142 397 1169 427 S.
1193 397 1225 426 V.
1248 398 1280 426 B.
1302 398 1335 426 E.
1361 399 1498 426 uitiosum
1521 397 1568 426 43.

1142 445 1312 482 Spreverint
1333 449 1509 484 corruptum
1529 444 1579 475 24.

1142 493 1314 521 Stabianum
1337 497 1473 522 mutatur
1492 493 1527 522 in
1548 493 1694 535 tablinum
1715 491 1763 522 13.

1145 541 1243 569 Stadia
1265 551 1369 570 cursus
1393 541 1531 569 maritimi
1553 540 1603 569 62.

1147 589 1273 617 Suadere
1296 594 1323 617 et
1344 589 1522 626 persuadere
1544 587 1573 617 6.

1147 636 1326 675 Suffragium
1347 637 1423 665 ferre
1444 638 1476 666 in
1496 637 1560 675 lege
1580 636 1629 666 22.

1146 728 1360 756 Taeterrimum
1382 728 1536 757 consilium
1558 728 1606 757 34.

1146 776 1254 805 Tamen
1276 794 1312 798 ——
1336 777 1453 805 tandem
1477 776 1523 806 23.

1145 824 1260 853 Tectior
1281 825 1363 853 dolor
1385 824 1434 853 57.

1145 872 1254 900 Tenere
1277 876 1303 900 et
1326 875 1422 901 texere
1443 876 1661 910 permutantur
1681 872 1729 901 30.

1145 920 1262 949 Tertius
1284 930 1366 949 actus
1388 920 1435 949 29.

1145 969 1357 997 Testimonium
1379 969 1502 1006 quando
1525 969 1608 998 nude
1625 969 1755 1008 ponitur
1776 969 1827 999 26.

1146 1017 1251 1045 Texuit
1273 1021 1445 1054 suspectum
1467 1016 1515 1046 48.

1146 1065 1262 1093 Tibicen
1283 1064 1475 1094 Ptolemaeus
1497 1065 1615 1094 Auletes
1636 1065 1666 1095 3.

1148 1159 1252 1187 VARRO
1273 1160 1351 1196 apud
1372 1159 1502 1188 Nonium
1523 1160 1644 1189 emend.
1663 1159 1704 1189 58
1725 1160 1767 1198 1).

1148 1207 1251 1235 Videre
1273 1210 1308 1235 ut
1329 1207 1377 1236 52.

1147 1255 1249 1283 Vilitas
1272 1272 1308 1276 —
1331 1256 1446 1284 utilitas
1467 1256 1515 1285 41.

1148 1303 1299 1332 vindicare
1319 1304 1354 1332 ab
1377 1304 1475 1341 aliquo
1496 1304 1545 1334 51.

1147 1352 1291 1381 Virdicata
1313 1351 1360 1380 36.

1186 1448 1214 1482 9,
1235 1447 1402 1484 4;11.1‘2‚
1424 1449 1586 1484 3;111.5‚
1607 1449 1643 1485 43
1664 1450 1715 1480 IV.
1736 1450 1765 1486 4,
1787 1450 2017 1486 2;V.10c1,1;

1186 1495 1234 1530 12,
1257 1496 1287 1531 43
1312 1497 1393 1525 VIII.
1415 1497 1443 1532 9,
1464 1498 1493 1531 5;
1517 1497 1564 1532 10,
1585 1498 1626 1532 5,
1647 1498 1696 1527 IX.
1718 1497 1746 1532 6,
1768 1497 1802 1533 6;
1825 1498 1874 1528 XI.
1891 1498 1939 1533 28,
1955 1498 2019 1527 3et

1186 1544 1220 1578 53
1242 1545 1318 1573 XVI.
1340 1544 1388 1579 16,
1410 1545 1445 1580 2;
1467 1545 1515 1580 18,
1537 1546 1554 1575 1
1588 1563 1625 1567 —
1648 1546 1681 1580 Q.
1703 1546 1739 1575 fr.
1760 1547 1800 1576 11.
1822 1546 1850 1581 6,
1873 1547 1974 1581 2;111.
1990 1546 2013 1580 1,

1186 1591 1234 1621 18.
1256 1609 1294 1614 —
1316 1593 1379 1622 Att.
1401 1593 1452 1622 IV.
1473 1593 1521 1628 15,
1542 1593 1577 1629 63
1599 1594 1665 1623 VII.
1688 1594 1716 1628 2,
1739 1593 1877 1624 3.—Br.
1890 1596 1913 1623 Ι.
1930 1593 1974 1629 12,
1985 1593 2014 1624 3.

1147 1641 1294 1670 Volcacius
1315 1640 1354 1668 32
1378 1640 1415 1676 l).

1146 1688 1303 1717 Volumina
1323 1689 1515 1725 epistolarum
1536 1690 1584 1719 55.

1146 1735 1261 1764 Urbane
1283 1740 1453 1773 suspectum
1473 1736 1522 1766 32.

1145 1784 1185 1812 Ut
1208 1784 1321 1812 stultus
1345 1785 1483 1813 vitiosum
1504 1785 1552 1814 50.

1146 1832 1185 1860 Ut
1205 1832 1288 1860 video
1311 1836 1339 1860 et
1360 1833 1464 1869 utique
1486 1837 1705 1870 permutantur
1724 1834 1773 1864 13.

1145 1879 1195 1907 Uti
1216 1882 1244 1908 et
1265 1880 1321 1908 cito
1340 1884 1558 1918 permutantur
1579 1881 1607 1911 9.

1147 1927 1234 1955 Utilia
1255 1931 1283 1956 et
1303 1928 1359 1956 alia
1376 1932 1597 1966 permutantur
1617 1930 1665 1960 18.

1146 1975 1264 2003 Utinam
1287 1977 1425 2005 uitiosum
1447 1975 1495 2006 56.

1145 2022 1221 2051 Utut
1241 2022 1289 2052 56.

1146 2070 1261 2099 Vulnus
1284 2089 1321 2092 -
1343 2072 1427 2100 ulcus
1447 2072 1494 2101 21.

1145 2118 1238 2147 Vultu
1260 2128 1360 2148 severo
1382 2125 1556 2158 suspectum
1577 2121 1625 2151 64.

1809 2547 1881 2581 16*
