2163 3020
447 274 758 305 OBSERVATIONES
781 274 956 304 CRITICAE
979 276 1030 304 AD
1053 277 1091 305 M.
1115 276 1245 305 TULLII
1266 277 1468 306 CICERONIS
1494 278 1709 308 EPISTOLAS.
1868 273 1914 307 53

247 374 338 422 quod
363 374 465 409 aliter
488 385 559 408 non
587 374 621 408 in
652 373 707 419 iis,
735 372 794 408 sed
821 373 859 407 in
885 372 1010 419 quibus
1037 373 1135 420 sequi
1162 373 1285 409 debere
1311 375 1490 421 putabam.
1523 375 1674 411 Heinius
1702 380 1793 413 recte
1820 378 1907 413 mihi

246 433 372 468 obiecit
408 432 611 468 Ciceronem
647 431 681 466 id
718 443 788 466 non
815 431 1005 478 scripsisse,
1034 443 1077 467 ne
1103 432 1191 467 duae
1218 433 1412 468 sententiae
1438 433 1605 469 relativae
1632 447 1667 469 se
1694 435 1906 483 exciperent.

247 491 372 538 Itaque
399 490 498 525 obelo
524 490 692 525 liberetur
718 501 767 525 ea.
796 511 842 514 —
870 489 1051 524 Postremo
1077 489 1230 525 Heinius
1251 490 1406 525 defendit
1419 490 1488 537 sed,
1503 492 1594 538 quod
1610 493 1694 528 mihi
1711 498 1910 541 suspectum

246 554 331 595 erat,
360 560 444 583 usus
471 547 535 582 hoc
562 550 769 593 argumento
796 559 835 582 ea
862 547 1036 594 particula
1063 547 1167 582 rediri
1195 548 1238 582 ad
1265 548 1456 583 orationem
1483 549 1643 596 pluribus
1671 552 1785 586 verbis
1804 552 1910 588 inter-

246 607 369 654 positis
395 606 592 653 abruptam,
621 606 657 640 in
685 605 832 653 epistola
871 609 989 640 autem
1015 606 1122 641 verba
1150 606 1241 653 quod
1266 606 1403 654 quidem
1431 619 1488 654 eqo
1508 612 1693 655 praestare
1720 622 1786 645 non
1813 611 1910 646 debeo

246 677 345 713 posse
372 677 433 712 pro
460 664 608 710 longiori
636 663 834 711 parenthesi
862 663 993 699 haberi.
1025 663 1120 699 Illud
1150 664 1312 710 sciebam,
1340 664 1406 699 hoc
1432 677 1502 700 non
1530 666 1676 713 negabo,
1695 679 1802 713 quum
1817 669 1907 704 idem

246 724 378 759 factum
406 723 450 758 sit
486 723 588 758 initio
615 735 667 770 ep.
696 722 733 757 X
761 722 842 757 libri
877 722 979 770 primi
1007 723 1049 757 ad
1078 724 1167 769 Att.,
1197 723 1255 758 ubi
1284 723 1327 758 cf.
1356 724 1473 759 adnot.
1501 737 1589 760 mea.
1630 725 1695 761 Sed
1721 739 1844 762 maneo
1871 728 1907 763 in

245 781 419 816 sententia
446 781 659 826 Ciceronem,
687 780 715 815 si
743 779 808 814 hoc
834 780 1014 826 voluisset,
1042 781 1254 828 scripturum
1282 781 1404 816 fuisse:
1449 782 1507 817 secl
1532 783 1565 817 sl
1590 783 1676 830 quid
1702 784 1909 830 offendimus

247 839 286 875 id
323 839 362 886 fit
398 840 521 885 maim,
563 842 601 873 ut
640 839 677 873 in
717 838 779 873 illa
817 838 964 885 epistola
991 839 1130 886 scripsit
1156 851 1263 886 quum
1289 851 1391 874 essem
1419 840 1456 874 in
1491 840 1690 875 Tusculano
1716 863 1765 867 —
1792 855 1909 878 rerum

245 901 357 933 tamen
396 910 501 945 quum
543 897 591 931 ihi
625 908 737 931 essem.
766 896 813 931 H.
841 896 864 931 l.
893 896 950 931 sed
977 908 1047 930 non
1083 900 1196 944 potest
1223 898 1366 943 servari,
1395 898 1463 932 nisi
1492 910 1570 933 cum
1599 898 1741 946 Orellio,
1769 900 1909 936 Baitero

243 960 278 991 et
305 956 447 991 Klotzio
476 956 692 1001 distinguas:
721 955 817 990 Nam
831 955 864 989 si
877 954 962 1002 quid
975 954 1184 1001 offendimus
1200 956 1235 990 in
1247 968 1370 1003 yenero
1384 959 1500 991 nostro
1513 978 1558 982 —
1574 958 1663 1004 quod
1675 959 1810 1005 quidem
1826 988 1832 994 .
1852 989 1858 995 .
1876 989 1883 995 .
1901 989 1908 995 .

244 1018 484 1050 remanserunt
511 1035 568 1055 —,
597 1018 632 1048 tu
662 1014 733 1060 ipse
759 1025 835 1048 cum
863 1013 964 1048 Sexto
991 1015 1079 1048 scire
1106 1014 1204 1049 velim
1232 1015 1315 1062 quid
1341 1016 1463 1062 coye‘tes
1489 1016 1529 1050 de
1556 1017 1715 1053 exeundo.
1744 1017 1807 1053 Sed
1838 1030 1909 1054 non

244 1073 430 1121 probamus
458 1084 533 1107 eam
561 1071 834 1117 distinctionem,
863 1084 906 1106 ex
935 1083 1004 1118 qua
1031 1072 1142 1106 oritur
1167 1072 1320 1107 absurda
1347 1074 1531 1109 sententia.
1571 1074 1663 1109 Nam
1692 1075 1741 1110 ita
1758 1077 1906 1123 protasis

243 1135 278 1167 et
303 1131 464 1179 apodosis
490 1129 588 1165 nullo
615 1129 758 1164 vinculo
785 1129 1022 1176 continentur,
1050 1129 1136 1165 haec
1162 1142 1205 1165 ex
1233 1130 1296 1166 illa
1322 1143 1463 1178 prorsus
1489 1144 1560 1167 non
1587 1137 1669 1180 apta
1695 1137 1757 1169 est.

292 1188 379 1224 VII.
421 1190 478 1235 23,
519 1189 552 1223 3.
591 1187 677 1222 Nisi
715 1187 800 1234 quid
838 1188 912 1222 eius
939 1187 1061 1233 fuerit.
1089 1188 1193 1223 Hanc
1220 1188 1318 1224 codd.
1346 1189 1555 1236 scripturam
1584 1190 1746 1226 vitiosam
1774 1191 1846 1226 dixi
1874 1196 1909 1227 et

243 1259 337 1282 nunc
363 1258 499 1293 quoque
525 1245 626 1281 credo
653 1258 706 1280 me
733 1249 824 1280 recte
850 1245 1053 1281 emendasse
1080 1247 1152 1281 nisi
1177 1247 1238 1294 qui
1264 1246 1347 1281 deus
1374 1247 1506 1294 feeerit,
1534 1249 1599 1283 etsi
1626 1249 1659 1283 id
1687 1261 1758 1284 non
1776 1250 1908 1297 placuit

242 1306 393 1352 Baitero,
434 1305 696 1351 Wesenbergio,
737 1303 890 1339 Klotzio.
933 1305 1035 1339 Locis
1071 1317 1091 1339 a
1124 1317 1178 1340 me
1217 1305 1368 1340 laudatis
1395 1318 1439 1341 ex
1466 1306 1496 1342 I.
1527 1308 1583 1354 16,
1613 1309 1645 1342 6.
1674 1308 1771 1343 Fam.
1799 1308 1903 1345 XVI.

245 1365 301 1409 12,
332 1365 363 1410 1,
392 1363 452 1398 ubi
480 1366 567 1398 teste
593 1362 734 1397 Baitero
761 1362 798 1396 in
825 1362 918 1397 Med.
946 1363 1018 1397 nisi
1046 1362 1205 1410 quidelm
1232 1363 1401 1411 scriptum
1429 1368 1492 1411 est,
1520 1365 1625 1412 plane
1652 1370 1690 1400 ut
1708 1366 1742 1402 h.
1762 1366 1797 1412 l.,
1814 1368 1902 1402 addo

241 1423 319 1458 Att.
346 1422 433 1457 VII.
465 1423 496 1468 1,
526 1423 546 1456 2
575 1421 646 1455 nisi
675 1421 761 1455 idem
788 1420 870 1456 deus
898 1443 943 1446 —
971 1422 1159 1469 respexerit
1186 1434 1256 1456 rem
1277 1422 1468 1470 publicam.

291 1481 397 1516 VIII.
428 1483 460 1528 5,
491 1482 522 1515 1.
562 1480 727 1515 Pollicem
753 1492 774 1515 a
802 1479 968 1515 Cicerone
993 1481 1148 1527 potuisse
1174 1481 1290 1515 vocari
1318 1493 1455 1516 serrum
1481 1494 1502 1516 a
1522 1482 1671 1529 pedibus
1696 1495 1806 1519 meum
1824 1497 1902 1520 cum

241 1539 373 1575 Ursino
400 1539 537 1585 negavi,
567 1538 625 1573 sed
652 1538 689 1572 in
717 1538 832 1573 verbis
860 1537 930 1572 illis
956 1538 1214 1585 proscribendis
1235 1539 1285 1574 fui
1300 1538 1477 1575 fervidior.
1504 1540 1546 1575 Id
1561 1541 1651 1587 quod
1666 1541 1758 1578 Med.
1772 1543 1903 1590 aliique

238 1597 373 1633 codices
412 1597 497 1632 dant
532 1608 559 1632 s.
599 1608 620 1630 α
649 1596 797 1643 pedibus
835 1597 919 1630 meis
957 1596 1006 1631 ita
1037 1600 1150 1644 potest
1187 1597 1336 1644 defendi,
1379 1597 1409 1632 si
1436 1598 1629 1644 cogitamus
1656 1611 1793 1635 servum
1820 1605 1901 1637 ante

239 1656 342 1703 pedes
381 1655 512 1690 domini
550 1654 709 1701 iacuisse,
749 1667 858 1701 quum
897 1655 1012 1690 subito
1051 1655 1201 1691 Romam
1241 1657 1367 1691 missus
1407 1657 1453 1691 sit
1483 1657 1526 1691 ad
1565 1657 1747 1704 epistolam
1774 1662 1899 1695 temere

240 1714 382 1749 missam
409 1713 642 1762 repetendam.
670 1713 724 1749 Cf.
751 1713 885 1749 Klotzii
912 1714 1059 1749 Adnott.
1087 1714 1130 1749 ad
1157 1715 1220 1750 has
1247 1727 1323 1763 epp.
1351 1715 1401 1750 II.
1428 1728 1461 1762 p.
1480 1716 1535 1762 16,
1563 1716 1622 1763 qui
1649 1721 1739 1752 recte
1762 1729 1899 1766 compa-

241 1773 333 1808 ravit
359 1773 473 1808 locum
501 1784 544 1807 ex
572 1775 657 1807 orat.
686 1785 719 1819 p.
746 1784 825 1817 rege
852 1772 979 1819 Dejot,
1008 1773 1040 1818 2,
1081 1773 1141 1807 ubi
1169 1772 1293 1808 Castor
1323 1773 1451 1808 dicitur
1485 1774 1544 1808 avi
1568 1785 1702 1809 serrum
1729 1787 1750 1809 a
1778 1776 1900 1823 leyczto-

240 1843 319 1866 rum
341 1830 488 1878 pedibus
514 1829 712 1865 abduxisse.

289 1889 396 1924 VIII.
438 1890 470 1934 7,
511 1890 543 1923 2.
586 1887 684 1932 Quod
720 1888 810 1922 enlm
845 1891 881 1922 tu
917 1899 1027 1922 meum
1054 1887 1179 1922 laudas
1205 1891 1233 1922 et
1260 1888 1519 1923 memorandum
1545 1889 1654 1936 ducis,
1682 1891 1784 1925 malle
1809 1893 1899 1939 quod

238 1947 390 1981 dederim
428 1958 479 1980 me
516 1957 591 1980 cum
630 1945 796 1993 Pompeio
832 1946 924 1980 vinci
949 1957 1050 1992 quam
1077 1958 1153 1980 cum
1179 1946 1257 1981 istis
1282 1947 1426 1982 vincere.
1469 1947 1597 1991 „Recte
1623 1948 1761 1993 quidem
1788 1961 1898 1984 meum

239 2005 289 2039 sic
315 2004 522 2052 explicatur,
551 2008 589 2038 ut
616 2004 662 2038 sit
689 2018 731 2033 z
760 2016 870 2038 meum
895 2004 1035 2049 dictmn,
1064 2004 1133 2050 sed,
1162 2008 1201 2039 ut
1229 2005 1338 2052 possit
1365 2005 1413 2040 sic
1439 2005 1618 2052 explicari,
1634 2018 1774 2042 necesse
1786 2007 1894 2043 habui

239 2062 331 2097 inter
364 2066 401 2096 ut
437 2066 470 2097 ct
505 2074 616 2096 meum
642 2062 766 2097 addere
795 2062 882 2096 illud
918 2062 1074 2106 (lllUT).’'
1104 2063 1242 2110 scripsit
1269 2063 1366 2098 Wes.
1394 2075 1459 2098 em.
1486 2063 1547 2099 alt.
1574 2077 1607 2111 p.
1640 2066 1719 2100 113.
1758 2065 1794 2100 Si
1823 2078 1894 2102 rem

238 2132 303 2155 acu
331 2120 456 2166 tetigit,
486 2120 586 2155 debet
615 2120 758 2167 probare
785 2120 906 2155 Cobeti
934 2120 1113 2166 iudicium,
1143 2121 1202 2167 qui
1230 2121 1266 2155 in
1294 2121 1542 2168 Mnemosynes
1563 2121 1631 2157 vol.
1647 2122 1752 2157 VIII.
1768 2135 1800 2170 p.
1821 2125 1892 2159 454

238 2179 345 2214 verba
372 2179 459 2226 quod
485 2178 634 2213 dixerim
661 2178 763 2213 valde
789 2177 952 2224 frigidam
980 2180 1153 2227 ἐξήγησιν
1180 2179 1344 2226 appellat.
1372 2180 1447 2225 Ego
1473 2180 1517 2214 ab
1544 2183 1689 2226 utroque
1715 2181 1892 2230 dissentio,

239 2237 529 2283 scribendumque
568 2248 709 2271 censeo:
753 2236 851 2280 Quod
889 2237 979 2271 enim
1018 2241 1055 2273 tu
1094 2248 1145 2273 ΜΕ
1180 2237 1304 2272 laudas
1342 2240 1371 2271 et
1396 2238 1655 2272 memorandum
1681 2238 1779 2274 demis
1804 2242 1895 2287 quod

237 2294 387 2329 dixerim
413 2294 514 2329 malle
538 2306 589 2329 me
615 2306 690 2328 cum
716 2294 759 2330 P.
782 2295 873 2329 vince?
898 2299 963 2330 cet.

289 2351 393 2387 VIII.
435 2353 492 2398 14,
536 2354 566 2386 1.
610 2351 739 2387 Caesar
774 2374 820 2377 ——
856 2353 902 2387 iis
937 2353 1039 2389 dictis
1064 2354 1215 2389 militum
1241 2354 1444 2389 celeritatem
1470 2354 1602 2389 incitat.
1644 2354 1805 2389 Klotzius
1831 2368 1893 2403 pro

235 2409 362 2455 dim-is,
390 2409 530 2455 diariis,
559 2410 700 2444 triariis
724 2410 871 2445 coniecit
898 2412 1099 2458 conyiare'z's.
1128 2412 1181 2447 Cf.
1209 2412 1356 2447 Adnott.
1385 2412 1434 2446 II.
1451 2424 1483 2458 p.
1502 2413 1557 2446 17.
1586 2412 1662 2446 Iam
1681 2412 1720 2447 P.
1736 2412 1893 2449 Victorio

236 2467 270 2502 id
311 2468 346 2502 in
389 2471 537 2502 mentem
567 2472 720 2503 venerat.
753 2468 827 2514 Ego
855 2472 965 2515 teneo,
995 2470 1084 2515 quod
1113 2470 1205 2505 edidi
1232 2470 1358 2514 diete'3;
1385 2482 1466 2504 nam
1494 2470 1530 2504 in
1557 2470 1687 2517 optimo
1713 2471 1828 2506 codice
1855 2473 1893 2509 Z.

235 2526 416 2572 tribusque
455 2525 552 2561 codd.
593 2538 613 2560 a
640 2526 801 2561 Manutio
835 2526 987 2562 laudatis
1015 2528 1063 2563 sic
1091 2529 1259 2576 scriptum
1285 2532 1347 2574 est,
1377 2532 1410 2563 et
1436 2532 1489 2563 est
1515 2528 1746 2576 aptissimum.
1786 2530 1892 2566 Dicta
