2163 3020
425 286 733 317 OBSERVATIONES
759 286 933 317 CRITICAE
956 286 1008 314 Al)
1032 285 1068 314 M.
1092 284 1219 313 TULLII
1244 282 1439 312 CICERONIS
1462 281 1673 310 EPISTOLAS.
1834 268 1880 304 59

228 394 351 429 graves
381 385 452 419 uoti
480 389 561 420 sunt
587 397 630 421 ex
659 385 755 421 Orat.
781 388 858 432 post
885 383 953 418 red.
983 384 1018 418 in
1047 394 1119 417 sen.
1145 381 1276 425 habita,
1308 381 1351 415 13
1379 388 1412 415 et
1438 379 1517 414 Seu.
1545 390 1596 425 ep.
1619 378 1699 421 122,
1718 375 1881 422 Lyram-

231 444 283 476 tas
310 445 436 487 tamen,
464 442 506 478 de
532 455 601 490 qua
627 444 683 478 hic
709 443 836 489 agitur,
865 454 935 477 non
961 446 1013 476 est
1040 441 1076 476 in
1101 440 1221 484 oculis,
1249 438 1359 474 multo
1386 438 1502 473 minus
1529 437 1566 471 in
1581 435 1691 480 oculo,
1711 434 1768 469 sed
1786 432 1879 468 sedet

231 499 266 534 in
305 511 362 534 ore
402 500 580 547 vultuque.
621 501 722 547 Tum,
749 501 868 536 vultus
896 500 1089 545 frontisque
1115 497 1291 532 mentione
1317 496 1418 542 facta,
1447 496 1562 542 inepte
1588 493 1697 528 oratio
1724 491 1811 527 redit
1837 490 1879 526 ad

230 557 466 604 supercilium,
506 559 547 594 de
586 571 653 605 quo
693 559 778 594 satis
815 558 945 593 dictum
973 561 1057 592 erat.
1102 556 1278 591 Postremo
1305 558 1382 601 post
1409 553 1549 599 gravius
1576 563 1649 587 voc.
1671 551 1813 598 suynus„
1841 548 1881 583 de

231 615 349 650 eadem
377 629 411 651 re
438 616 550 652 levius
579 629 637 652 vas
662 617 752 652 male
779 617 944 663 sequitur.
974 614 1065 658 Quid
1092 614 1198 660 ergo?
1225 613 1318 647 oculo
1345 616 1457 647 ortum
1485 615 1536 646 est
1563 622 1580 645 e
1609 609 1696 644 rolin
1711 613 1803 649 (nam
1818 607 1882 642 hac

232 674 342 709 forma
369 675 520 710 nominis
547 676 667 711 Cicero
694 687 778 710 usus
806 675 952 710 videtur.
982 673 1034 709 Cf.
1064 673 1223 717 Corssen,
1252 671 1336 706 iiber
1362 669 1584 717 Aussprache
1611 672 1673 703 etc.
1702 667 1719 702 I
1735 679 1766 714 p.
1785 666 1882 710 260),

231 736 309 779 post
337 733 395 767 illo
421 735 668 778 grammaticus
695 746 713 769 e
740 733 950 780 praegressis
979 732 1085 767 stulte
1110 730 1300 765 inculcavit
1326 728 1522 776 supercilio,
1549 732 1583 762 et
1601 726 1682 761 ordo
1701 725 1883 759 verborum

233 790 288 825 ille
314 803 427 826 conius
456 792 512 827 illo
539 804 621 827 casu
648 793 806 827 inversus
834 796 896 826 est.
925 791 1017 826 Nam
1044 801 1151 836 quum
1165 800 1280 823 annus
1295 799 1362 834 quo
1376 787 1458 822 Piso
1486 790 1519 821 et
1533 784 1708 821 Gabinius
1723 782 1881 817 consules

232 850 384 889 fuerunt,
424 851 460 885 in
500 851 563 885 hac
597 851 751 886 oratione
790 862 922 897 semper
952 850 1007 884 ille
1033 860 1146 883 aimus
1173 848 1309 882 dicatur
1336 846 1392 892 (cf.
1420 847 1439 891 ξ
1469 847 1524 890 15,
1553 846 1611 889 55,
1640 844 1697 887 58,
1727 843 1783 886 62,
1813 841 1884 886 71),

233 920 304 943 non
330 913 404 944 erat
430 921 491 944 cur
518 910 581 944 hoc
608 921 678 944 uno
705 910 779 944 loco
806 921 920 943 snmus·
949 908 1004 942 ille
1031 907 1281 942 nominaretur.
1310 905 1346 940 Si
1374 916 1508 939 mecum
1536 903 1649 948 legas:
1686 901 1799 936 Tanta
1814 902 1885 934 erat

231 969 389 1014 yrariias
430 969 463 1002 in
506 968 605 1013 voltu,
647 971 742 1002 tonia
770 968 955 1002 contractio
983 966 1123 1012 fronti-3,
1155 968 1189 999 nt
1218 964 1273 998 ille
1298 975 1411 998 (omns
1440 962 1497 996 illo
1525 962 1591 996 niti
1615 964 1779 1006 tanquam
1807 958 1889 993 rade

237 1025 407 1060 videretur
438 1026 563 1061 melius
604 1030 756 1073 apparet,
798 1025 967 1072 quomodo
1006 1024 1170 1059 Valerius
1209 1022 1344 1058 Probus
1383 1021 1465 1055 hinc
1504 1019 1699 1066 sumpserit,
1735 1029 1822 1063 quae
1850 1019 1888 1050 ut

235 1084 412 1119 Ciceronis
452 1084 535 1118 citat
571 1084 662 1119 cultu
704 1087 866 1131 tanquam
896 1083 988 1128 cade,
1016 1094 1122 1128 quum
1151 1084 1287 1128 putaret
1317 1079 1374 1113 illo
1400 1090 1469 1113 non
1497 1078 1537 1112 de
1564 1078 1638 1124 ipso
1665 1077 1802 1120 Pisone,
1830 1074 1887 1109 sed

235 1142 276 1177 de
316 1143 390 1177 eius
426 1143 522 1188 gravi
551 1143 649 1177 voltu
689 1143 819 1177 dictum
859 1153 942 1186 esse,
985 1152 1096 1186 neque
1136 1138 1324 1174 verendum
1360 1140 1480 1171 estne
1507 1136 1584 1182 quis
1610 1146 1687 1169 cum
1715 1134 1826 1169 Bakio
1852 1132 1888 1166 in

235 1200 350 1235 Schol.
379 1200 554 1247 Hypomn.
584 1201 601 1235 I
629 1213 661 1247 p.
692 1201 737 1235 64
765 1204 873 1234 totam
901 1198 1121 1243 sententiam,
1163 1197 1204 1232 de
1231 1208 1298 1243 qua
1325 1194 1590 1242 disputavimus,
1618 1193 1735 1239 inepto
1762 1191 1890 1226 rhetori

237 1259 388 1293 tribuere
415 1258 510 1294 velit.

285 1316 388 1351 XIV.
419 1317 451 1361 1,
482 1318 512 1351 1.
541 1316 585 1350 In
612 1315 835 1350 adnotatione
862 1315 904 1350 ad
934 1315 1054 1349 verba:
1086 1315 1119 1348 in
1147 1324 1334 1348 sermonem
1359 1323 1393 1346 se
1419 1332 1465 1336 ——
1487 1312 1731 1357 praeterquam
1757 1306 1891 1354 Lepido

239 1375 366 1409 venisse
404 1375 544 1419 nemini,
585 1374 710 1419 negavi
747 1374 784 1408 111
821 1372 1014 1418 fragmento
1054 1371 1150 1407 Orat.
1179 1371 1215 1405 in
1245 1374 1325 1416 toga
1351 1368 1497 1403 candida
1523 1380 1556 1414 p.
1586 1367 1642 1413 98,
1674 1367 1717 1401 18
1746 1364 1891 1400 Asconii

239 1433 344 1468 Orell.
373 1433 574 1468 Ciceronem
602 1432 750 1467 scribere
774 1432 927 1478 potuisse
953 1442 1027 1465 cum
1058 1430 1119 1465 Cn.
1148 1429 1276 1463 Pisone
1302 1428 1390 1462 socio
1419 1438 1520 1473 neque
1546 1425 1615 1460 alio
1643 1425 1782 1459 nemine.
1810 1423 1890 1458 Non

239 1491 464 1527 memineram
502 1491 607 1526 verba
644 1490 779 1536 egregie
814 1492 966 1524 correcta
1005 1500 1078 1524 esse
1105 1500 1124 1523 a
1151 1487 1180 1522 Ι.
1208 1487 1248 1521 F.
1277 1485 1465 1530 Gronovio,
1493 1484 1591 1519 cuius
1617 1482 1889 1518 emendationem

238 1549 429 1596 protulerat
455 1549 489 1584 S.
517 1549 564 1584 H.
592 1549 727 1584 Rinkes
754 1549 790 1583 in
818 1548 1063 1594 Mnemosyncs
1090 1546 1158 1581 vol.
1185 1545 1243 1580 XI
1268 1557 1300 1592 p.
1332 1545 1416 1578 194:
1445 1555 1519 1578 cum
1549 1542 1610 1577 Cn.
1637 1541 1766 1576 Pisone
1791 1540 1892 1585 socio,

239 1619 280 1642 ne
305 1618 401 1654 quem
428 1607 535 1641 alium
565 1607 744 1641 nominem.
785 1605 911 1641 Merito
938 1606 987 1640 ita
1014 1604 1194 1640 ediderunt
1222 1601 1404 1638 novissimi
1430 1600 1575 1636 Asconii
1601 1599 1747 1634 editores
1774 1598 1893 1634 Kiess-

238 1665 371 1711 lingius
398 1668 431 1700 et
458 1664 653 1700 Schoellius
680 1677 712 1712 p.
742 1665 799 1710 82,
829 1665 885 1699 26.

288 1723 392 1758 XIV.
428 1724 459 1768 2,
500 1724 531 1758 3.
572 1723 698 1758 Aiebat
735 1726 795 1766 (sc.
832 1722 978 1765 Matius)
1009 1722 1189 1756 Caesarem
1216 1731 1326 1754 secum
1353 1739 1399 1743 —
1426 1717 1564 1752 dixisse.
1593 1716 1629 1751 Si
1656 1716 1783 1755 Caesar
1808 1714 1893 1749 haec

239 1793 356 1816 secum
394 1781 494 1826 dixit,
521 1781 652 1816 Matius
679 1793 750 1816 non
776 1781 923 1816 audivit.
964 1780 999 1816 Si
1025 1792 1137 1815 secum
1163 1779 1290 1814 referas
1317 1777 1359 1812 ad
1386 1777 1547 1821 Matium,
1576 1774 1768 1809 subiectum
1795 1773 1891 1807 verbi

240 1839 362 1885 aiebat,
390 1839 547 1886 ineptum
574 1843 636 1874 est.
671 1839 834 1886 Suspicor
860 1844 937 1886 post
966 1839 1147 1874 Caesarem
1173 1837 1338 1872 omissum
1366 1847 1439 1870 esse
1465 1837 1604 1882 propter
1627 1833 1822 1867 litterarum
1850 1831 1893 1866 si—

240 1897 472 1932 militudinem
501 1900 703 1932 coenantem.
731 1897 784 1932 De
808 1897 982 1932 locutione
1008 1896 1082 1931 dixi
1110 1907 1214 1942 supra
1241 1907 1273 1941 p.
1303 1895 1359 1929 34.

290 1954 395 1990 XIV.
425 1956 457 2000 3,
487 1956 518 1990 2.
567 1955 633 2000 Tu,
661 1955 693 1989 si
718 1955 804 2001 quid
821 1955 1080 2002 proymaticum
1107 1953 1218 1999 babes,
1245 1952 1380 1987 scribes.
1409 1950 1507 1993 Quod
1534 1949 1644 1996 prima
1659 1959 1783 1982 manus
1801 1946 1893 1982 Med.

243 2013 336 2048 dedit
374 2012 495 2047 habere
532 2013 690 2048 scribises
728 2013 894 2048 facillime
926 2013 974 2048 sic
1001 2012 1185 2058 corrigitur
1210 2010 1320 2056 babes,
1348 2008 1494 2044 rescribe
1519 2008 1578 2053 sis,
1606 2010 1646 2042 ut
1671 2006 1831 2041 Baiterus
1858 2005 1894 2040 in

242 2071 322 2106 adn.
350 2071 425 2107 crit.
452 2072 642 2118 proposuit.
671 2071 736 2106 Sed
763 2083 874 2118 neque
898 2083 958 2106 cur
984 2070 1143 2107 Ciceroni
1169 2069 1226 2104 hic
1253 2067 1398 2103 rescribe
1424 2078 1508 2101 usus
1534 2066 1579 2100 sit
1605 2068 1758 2112 apparet,
1784 2074 1896 2109 neque

243 2129 291 2164 sis
330 2141 392 2176 pro
418 2129 450 2163 si
479 2130 528 2164 cis
555 2141 575 2164 a
602 2129 710 2176 poetis
750 2134 956 2177 usurpatum
984 2129 1094 2173 (Orat.
1126 2129 1221 2173 154¹,
1249 2131 1283 2162 et
1309 2126 1345 2160 in
1373 2124 1519 2160 iuvenili
1546 2122 1722 2159 Ciceronis
1749 2124 1834 2156 orat.
1862 2133 1895 2168 p.

244 2187 347 2222 Rosc.
374 2187 456 2222 Am.
486 2188 532 2222 48
560 2188 723 2234 positum,
752 2188 827 2223 seni
853 2188 1022 2223 excidisse
1049 2187 1196 2222 videtur.
1224 2185 1357 2220 Verum
1384 2187 1486 2231 puto:
1522 2182 1576 2217 Tu
1591 2179 1720 2227 siquid
1735 2189 1899 2226 praqma·

245 2245 349 2280 ticum
376 2246 427 2290 (οε
455 2245 546 2291 quod
571 2245 614 2280 ad
642 2257 713 2280 rem
740 2245 916 2292 publicam
944 2246 1129 2292 pertineat)
1156 2243 1304 2288 habebis,
1331 2241 1467 2277 scribes.

295 2302 399 2338 XIV.
437 2304 469 2349 6,
501 2304 531 2338 1.
570 2303 698 2338 Pridie
722 2303 812 2338 Idus
847 2303 987 2338 Fundis
1012 2303 1125 2349 occepi
1156 2305 1234 2336 tuas
1260 2300 1393 2334 litteras
1418 2308 1571 2333 coenans.
1597 2296 1762 2331 Primum
1791 2294 1899 2340 itqitur

246 2361 368 2396 melius
405 2372 483 2406 esse,
519 2361 640 2396 deinde
666 2361 809 2396 meliora
835 2364 865 2396 te
891 2362 1062 2396 ηιιηίὶανε.
1103 2360 1133 2395 Ε
1161 2357 1397 2407 praecedentis
1424 2355 1589 2403 epistolae
1615 2352 1716 2388 initio
1743 2350 1900 2385 videmus

246 2419 407 2454 Atticum
434 2418 603 2454 febricula
630 2419 816 2454 laborasse.
853 2419 988 2454 Deinde
1014 2418 1196 2453 nuntiarat
1222 2415 1381 2452 Ciceroni
1408 2414 1474 2448 sibi
1490 2412 1614 2447 melius
1627 2422 1711 2455 esse,
1729 2408 1903 2454 simulque

247 2475 391 2511 meliora
416 2475 458 2511 de
484 2476 586 2511 rebus
612 2476 774 2524 publicis.
816 2475 881 2511 Sed
909 2477 986 2523 quis
1008 2475 1125 2510 credat
1151 2474 1352 2510 Ciceronem
1380 2471 1572 2518 scripsisse:
1600 2468 1763 2504 Primum
1793 2466 1901 2512 iyitur

246 2533 370 2569 melius
395 2535 490 2569 esse?
518 2534 589 2570 Cur
615 2534 740 2570 maluit
767 2538 838 2570 tam
865 2535 1008 2570 obscure
1035 2534 1193 2578 scribere,
1220 2544 1325 2579 quam
1350 2533 1467 2578 aperte
1493 2528 1658 2575 gaudium
1678 2537 1779 2561 suum
1793 2535 1903 2559 enun-

1696 2581 1764 2614 15*
