2163 3020
436 275 747 304 OBSERVATIONES
769 273 945 303 eniricAE
967 272 1018 300 AD
1040 271 1078 299 11.
1101 269 1230 298 TULLII
1253 266 1450 296 CICERONIS
1472 264 1685 294 EPISTOLAs.
1850 255 1896 290 17

236 373 310 418 Quo
337 385 477 408 numero
503 376 583 408 esset
610 376 701 408 recte
726 372 770 407 ab
797 372 946 407 Ernesto
972 368 1186 416 explicatum
1206 370 1307 414 puto:
1336 368 1473 410 „utrum
1489 364 1532 399 ad
1547 362 1738 399 exercitum
1753 362 1897 409 Pompei

235 444 282 467 an
308 431 466 467 Caesaris
493 430 718 479 pertineret’',
747 430 805 465 sed
830 442 896 477 quo
923 429 1140 476 appeteretur
1168 437 1231 460 neo
1257 427 1319 469 est,
1336 422 1426 470 quod
1441 423 1612 457 Ernestus
1628 420 1785 468 putabat,
1810 431 1899 466 „quo

234 489 380 525 consilio
419 501 496 525 eam
530 489 658 525 Caesar
692 488 884 537 petiisseff,
925 499 989 522 nec
1015 486 1059 521 ab
1086 484 1166 520 aliis
1191 482 1347 530 expediri
1374 481 1498 529 potuit.
1537 480 1576 516 C.
1603 480 1643 514 F.
1671 479 1898 514 Hermannus

234 549 273 584 in
299 549 392 584 Mus.
419 549 534 584 Rhen.
561 549 629 583 vol.
657 548 702 591 V,
731 561 763 596 p.
793 549 863 583 616
891 545 1060 582 correxit:
1087 542 1201 591 quoad
1221 543 1414 589 pateretur,
1444 539 1501 574 sed
1520 539 1631 585 magis
1650 538 1763 585 placet
1782 537 1899 573 nescio

236 607 336 642 ouius
363 607 513 654 suspicio
541 619 559 641 a
586 606 758 641 Lambino
786 606 922 653 prolata
949 607 978 639 et
1004 602 1141 650 qnando
1169 602 1386 648 repeteretur,
1415 610 1462 633 50.
1492 610 1511 632 a
1540 597 1698 632 Caesare.

287 664 394 700 VIII.
431 666 464 710 5,
508 666 536 699 1.
578 664 675 699 Nam
709 665 742 699 si
778 664 838 698 hoc
866 663 962 698 modo
990 660 1165 696 moderari
1184 669 1374 706 poss-emm,
1405 659 1440 691 ut
1464 667 1530 703 pro
1560 654 1692 690 viribus
1717 655 1899 701 copiarum

237 725 381 758 tuarum
407 722 485 757 belle·
510 735 641 770 quoque
666 723 838 758 ersis-teret
865 719 1066 769 muynitudo
1093 722 1132 765 et,
1161 719 1328 765 quantum
1352 715 1486 763 gloriae
1511 713 1687 760 triumpho
1706 725 1791 760 opus·
1808 715 1900 758 esset,

238 793 497 829 assequeremur
516 782 816 829 pcriculoscmzque
842 784 871 816 et
894 791 1035 828 yracem
1067 778 1162 812 illam
1189 776 1443 811 dimicationem
1472 774 1688 818 eritaremus,
1717 772 1806 806 nihil
1832 774 1902 805 tum

239 843 321 875 esset
347 840 545 887 optandum.
574 840 630 875 Ita
651 840 706 875 hic
734 840 830 875 locus
857 839 995 874 videtur
1021 835 1236 872 scribendus.
1265 833 1361 868 modo
1388 845 1448 880 pro
1477 843 1578 877 more,
1607 835 1759 865 veterem
1785 829 1902 864 nescio

241 898 340 934 0111115
382 899 641 944 correctionem,
679 897 936 933 commendavit
962 893 1237 939 Wesenbergius
1263 891 1409 927 Emend.
1439 903 1470 937 p.
1504 890 1585 924 102.
1613 889 1678 924 Est
1704 887 1903 922 alliteratio.

240 957 418 992 moderari
443 961 495 992 cst
521 969 671 1003 aequum
698 957 810 992 facere
837 956 992 991 modum.
1019 954 1095 1000 Ego
1124 951 1251 988 sustuli
1279 962 1343 998 que
1370 954 1447 997 post
1474 947 1661 995 triumpho.
1689 946 1726 981 Si
1740 945 1905 981 scribitur

243 1018 409 1062 quantum
435 1015 568 1062 yloriue
593 1015 835 1063 triumphoque
848 1026 934 1062 opus
948 1016 1040 1059 esset,
1054 1012 1189 1060 {floriac
1202 1008 1443 1056 triumphoque
1457 1011 1540 1042 sunt
1553 1005 1675 1051 dativi,
1691 1008 1725 1040 et
1739 1004 1782 1039 ad
1797 1016 1906 1051 qumi-

241 1076 315 1109 tum
340 1086 359 1108 e
385 1074 671 1121 praecedentibus
698 1073 932 1121 supplendum
958 1076 1010 1107 est
1037 1070 1125 1106 belli.
1152 1070 1207 1104 Ex
1236 1080 1311 1102 mea
1338 1068 1472 1101 ratione
1492 1065 1627 1112 qloriae
1640 1064 1705 1099 erit
1719 1063 1904 1109 genetivus

243 1135 277 1167 et
303 1132 482 1179 quaeritur
508 1136 678 1179 quantum
705 1132 847 1178 gloriae,
875 1143 964 1177 quae
991 1130 1101 1165 oritur
1127 1140 1145 1163 e
1171 1127 1273 1162 rebus
1301 1126 1388 1160 bene
1414 1124 1532 1169 gestis,
1561 1134 1646 1170 opus
1666 1122 1712 1156 511
1725 1121 1769 1156 ad
1784 1121 1907 1155 trium-

242 1191 364 1239 phum.
405 1191 554 1226 Senatus
595 1191 757 1226 censebat
796 1194 956 1225 essentne
990 1200 1044 1223 res
1083 1185 1262 1233 triumpho
1296 1184 1432 1230 dignae.
1472 1182 1605 1227 Gloria,
1633 1192 1722 1227 quae
1748 1183 1908 1215 0510011-

243 1249 397 1284 sentiens
423 1249 501 1284 laus
528 1249 708 1295 bonorum,
737 1261 808 1284 non
843 1247 1040 1283 decernitur
1066 1258 1086 1281 a
1114 1248 1249 1289 senatu,
1277 1243 1335 1278 sed
1362 1254 1379 1277 e
1406 1242 1508 1276 rebus
1535 1240 1642 1287 gestis
1669 1239 1835 1273 nascitur.
1875 1237 1907 1273 E

245 1307 422 1343 Ciceronis
448 1319 612 1354 responso
638 1308 679 1343 de
707 1320 745 1342 ea
772 1320 808 1342 re
834 1307 933 1342 Fam.
961 1306 1011 1341 II.
1035 1306 1091 1350 10,
1121 1305 1160 1338 ⁴2:
1196 1302 1242 1338 Ut
1268 1301 1405 1349 optasti,
1435 1301 1481 1334 ita
1510 1302 1579 1343 est;
1609 1298 1704 1333 celles
1722 1298 1823 1338 enim,
1841 1297 1908 1343 ais,

244 1368 378 1400 tantum
406 1365 502 1400 modo
531 1369 565 1400 ut
591 1366 748 1401 haberem
776 1366 912 1412 neyotii,
941 1364 1031 1412 quod
1057 1366 1138 1398 esset
1164 1362 1210 1396 (αἱ
1237 1360 1425 1395 laureolam
1451 1359 1549 1404 satis,
1583 1368 1654 1392 non
1680 1356 1802 1402 liquet,
1830 1359 1908 1390 utro

245 1423 346 1459 modo
373 1423 513 1458 Caelius
540 1424 727 1471 scripserit.
755 1436 819 1471 que
844 1424 935 1459 male
962 1422 1119 1458 additum
1146 1419 1323 1466 triumpho
1350 1417 1494 1452 restituo
1520 1419 1599 1464 post
1616 1427 1649 1450 V.
1667 1414 1908 1462 periculosam,

244 1482 306 1518 ubi
332 1482 526 1517 Lambinus
553 1482 682 1530 aliique
709 1483 779 1518 iam
805 1482 1025 1518 addiderunt.

293 1540 431 1576 Ultima
469 1541 634 1588 epistolae
675 1541 780 1576 verba
818 1553 839 1576 a
883 1540 926 1576 G.
963 1538 1123 1575 Kahntio
1150 1537 1188 1572 111
1223 1534 1399 1583 Symbolis
1425 1533 1502 1568 crit.
1529 1532 1567 1566 in
1594 1531 1667 1566 Cic.
1695 1530 1794 1577 epist.
1822 1541 1855 1576 p.
1886 1530 1907 1563 9

243 1601 335 1634 recte
362 1598 411 1633 510
437 1599 620 1634 emendata
645 1599 821 1645 videntur,
848 1602 888 1634 ut
914 1610 976 1646 pro
1005 1596 1150 1633 Caesari
1176 1595 1237 1642 qui
1262 1592 1434 1628 scribatur
1463 1590 1592 1625 Caesar
1621 1589 1711 1636 iique
1736 1588 1806 1635 qui.

294 1657 401 1692 VIII.
432 1658 464 1704 6,
493 1659 525 1693 5.
566 1657 673 1694 Curio
699 1663 862 1693 narratur
889 1657 1019 1692 iactare
1046 1655 1067 1690 i.
1096 1667 1124 1690 e.
1154 1653 1270 1701 palam
1298 1651 1410 1686 dicere
1437 1661 1472 1684 se
1498 1649 1654 1683 laturum
1680 1646 1773 1693 leges
1800 1657 1909 1693 popu-

243 1714 345 1762 lares,
386 1716 548 1762 riariam,
589 1716 688 1751 cuius
729 1719 857 1751 natura
896 1714 1095 1750 declaratur
1135 1709 1394 1758 comparatione
1430 1719 1510 1742 011111
1545 1706 1622 1752 lege
1647 1704 1748 1740 Rulli
1772 1703 1910 1750 agraria

243 1772 347 1819 facta,
373 1775 403 1807 et
427 1773 697 1820 alimentariam,
726 1774 782 1808 0111
808 1772 1055 1808 describendae
1082 1769 1280 1805 inserviunt
1295 1767 1417 1802 verba:
1439 1777 1524 1813 quae
1540 1764 1627 1799 iubet
1641 1763 1766 1798 aediles
1781 1762 1906 1797 metiri.

245 1831 312 1867 Sed
337 1831 503 1867 aedilium
529 1832 660 1867 mentio
688 1844 759 1867 non
786 1836 861 1867 erat
887 1843 967 1879 pars
993 1830 1081 1876 legis
1108 1828 1316 1876 praecipua3
1344 1829 1462 1860 utrum
1489 1824 1527 1858 hi
1553 1836 1598 1858 an
1617 1823 1679 1858 alii
1692 1822 1908 1856 frumentum

245 1889 373 1937 populo
407 1890 624 1936 metirentur,
665 1890 823 1925 homines
862 1889 979 1924 minus
1018 1887 1200 1932 curabant,
1241 1884 1375 1932 opinor,
1414 1894 1518 1929 quam
1545 1893 1612 1927 quo
1639 1881 1749 1928 pretio
1776 1878 1908 1925 singuli

245 1947 354 1983 modii
388 1947 566 1984 darentur.
606 1948 789 1984 Hactenus
826 1948 913 1983 mihi
951 1946 1116 1982 convenit
1143 1957 1222 1980 cum
1250 1943 1288 1979 C.
1317 1943 1358 1977 F.
1386 1941 1592 1976 Hermanno
1619 1939 1656 1974 111
1683 1938 1762 1973 Ind.
1792 1937 1906 1972 Schol.

246 2005 406 2052 Gotting.
447 2019 476 2041 a.
509 2007 602 2042 1853
630 2020 663 2055 p.
695 2009 751 2042 14.
805 2007 872 2042 Sed
911 2019 979 2041 non
1020 2005 1127 2053 probo
1154 2003 1245 2050 quod
1272 2002 1309 2036 in
1336 2012 1422 2048 quas
1450 1998 1539 2034 iubet
1564 1997 1690 2032 aediles
1718 1997 1842 2042 metiri,
1870 2000 1910 2030 ut

246 2064 415 2112 scriptum
441 2069 492 2100 est
518 2065 556 2100 in
580 2066 686 2112 Med„
713 2066 820 2101 latere
846 2066 993 2113 putabat
1019 2076 1105 2112 qzeae
1126 2062 1197 2109 (rel
1213 2061 1294 2108 qua)
1309 2071 1384 2094 asse
1400 2058 1488 2093 iubet
1502 2070 1535 2092 a.
1551 2069 1593 2092 m.
1623 2056 1754 2091 Saltem
1770 2055 1910 2090 Caelius

247 2123 442 2171 scripsisset
467 2123 613 2171 assibus,
629 2128 667 2159 ut
680 2125 831 2172 pretium
845 2125 882 2159 in
896 2124 1032 2171 legibus
1058 2123 1130 2157 illis
1144 2119 1273 2169 plurali
1287 2129 1432 2153 numero
1446 2115 1594 2152 indicari
1609 2114 1707 2150 solet.
1735 2114 1811 2159 Ego
1828 2124 1909 2147 vero

247 2187 332 2231 puto
371 2195 456 2231 quas
491 2185 668 2219 continere
705 2196 772 2231 qua
800 2184 837 2220 S.
865 2196 901 2219 o:
931 2196 999 2231 qua
1023 2180 1231 2218 semissibus.
1258 2179 1383 2224 Itaque
1409 2176 1516 2212 Curio
1544 2187 1605 2210 sua
1632 2174 1707 2220 lege
1733 2172 1911 2207 liberalior

248 2241 354 2277 etiam
384 2241 508 2277 fuisset
543 2254 647 2289 quam
676 2242 900 2289 Saturninus,
941 2242 1001 2288 qui
1039 2253 1070 2276 a.
1097 2252 1132 2275 u.
1162 2240 1233 2274 654
1259 2235 1456 2272 semissibus
1481 2237 1511 2269 et
1536 2232 1718 2268 trientibus
1743 2230 1911 2266 frumenti

247 2299 381 2335 modios
407 2300 561 2335 dividere
588 2300 758 2347 voluerat,
786 2301 892 2336 Rhet.
919 2300 963 2336 ad
990 2299 1076 2335 Her.
1103 2298 1133 2333 I.
1162 2298 1220 2343 21,
1248 2295 1306 2330 sed
1332 2294 1450 2329 minus
1474 2292 1578 2338 longe
1592 2289 1753 2338 progredi
1770 2289 1911 2324 volebat

249 2369 355 2404 quam
389 2357 430 2393 P.
467 2358 610 2394 Clodius
636 2359 717 2394 trib.
744 2359 804 2406 pl.,
833 2359 894 2406 qui
919 2358 996 2405 lege
1022 2369 1086 2393 sua
1111 2356 1328 2391 frumentum
1354 2351 1481 2400 populo
1506 2350 1620 2397 gyratis
1645 2348 1750 2384 dedit.
1777 2348 1909 2383 Asoon.

248 2415 287 2450 in
313 2415 397 2456 Pis„
427 2416 460 2451 9.

298 2473 406 2510 VIII.
448 2475 480 2520 9,
520 2475 550 2509 1.
593 2475 750 2522 (Hirrus)
777 2476 1053 2523 exspectationem
1081 2472 1240 2519 corripit.
1269 2467 1441 2505 Cellarius
1467 2465 1636 2513 explic-at:
1669 2463 1911 2511 „reprehendit

246 2543 369 2567 eorum
403 2531 621 2579 patientiam,
658 2533 719 2579 qui
755 2533 938 2569 Caesarem
965 2536 1037 2567 tam
1063 2531 1124 2566 diu
1150 2528 1244 2577 passi
1270 2527 1342 2563 sint
1367 2525 1406 2560 111
1430 2523 1611 2572 provincia
1637 2534 1710 2558 esse
1736 2525 1770 2556 et
1796 2521 1912 2556 adhue

1730 2581 1771 2611 10

248 2646 400 2668 Lurrnnx.
429 2647 526 2668 vanu.
553 2648 615 2669 mm
640 2648 797 2670 nummu..
823 2649 1001 2670 AKADLMn-J.
1028 2647 1110 2668 DEEL
1134 2634 1231 2667 XIII.
