2163 3020
455 297 766 329 OBSERVATIONES
789 293 965 324 CRITICAE
986 293 1038 321 AD
1060 293 1098 322 M.
1119 292 1249 320 TULLII
1271 290 1468 320 CICERONIS
1490 289 1702 318 EPISTOLAS.
1885 283 1907 317 5

253 404 293 437 ut
319 400 385 447 VI,
414 400 447 441 6,
475 399 497 434 4
524 401 558 433 et
584 396 732 432 omissus
760 397 812 430 est
837 392 1015 428 ablativus
1042 390 1194 425 nominis
1221 389 1313 424 unde
1340 389 1493 436 pendent
1506 388 1658 435 genetivi
1673 400 1792 423 rerum
1805 392 1908 436 atque

252 459 428 495 actionum
465 460 618 502 tuarum,
660 457 722 489 aut
760 452 926 488 vitiosum
966 452 1018 484 est
1052 460 1127 483 voc.
1170 448 1281 483 initio.
1334 446 1451 490 Quum
1479 450 1603 494 reputo
1629 446 1764 492 quoties
1790 446 1827 481 in
1854 446 1911 482 his

252 516 410 565 epistolis
449 513 618 550 vocabula
657 524 678 547 a
710 510 864 546 librariis
891 508 1019 544 omissa
1045 507 1126 553 sint,
1154 505 1242 541 illud
1269 505 1486 553 probabilius
1513 505 1686 541 existimo.
1738 505 1905 541 Nondum

254 574 424 622 displicet,
452 571 543 619 quod
570 570 652 606 olim
679 567 843 617 proposui
871 577 986 602 eursu.
1015 565 1071 601 Sic
1085 565 1255 600 habemus
1273 576 1414 599 cursum
1434 576 1563 610 rernm,
1579 567 1618 598 ut
1635 564 1672 598 in
1688 563 1727 599 L.
1744 563 1807 599 IV.
1823 565 1857 610 2,
1873 564 1907 610 3,

254 644 316 681 pro
343 643 411 678 quo
437 630 504 665 VI.
533 631 566 675 5,
595 629 616 663 2
644 629 773 663 natura
800 636 919 660 rerum
945 626 974 659 et
1001 626 1192 670 temporum
1218 633 1342 657 cursus
1368 621 1496 667 legitur
1522 625 1555 656 et
1581 621 1621 656 cle
1646 633 1792 656 suarum
1806 622 1910 657 aetio-

255 702 339 726 mcm
364 700 469 724 eursu
495 686 676 733 deflectere,
704 683 810 719 VIII.
842 683 897 728 11,
926 683 958 716 2.
987 680 1143 716 Facilius
1171 683 1287 715 tamen
1315 678 1473 714 excidere
1499 679 1612 726 potuit
1639 679 1675 713 ri
1691 682 1769 726 post
1798 680 1909 726 initio,

255 748 359 796 idque
385 746 522 782 munire
548 744 630 779 licet
659 742 715 777 his
749 739 929 787 exemplis,
956 738 1055 774 Fam.
1083 737 1132 773 II.
1164 738 1196 783 7,
1226 738 1246 772 2
1274 736 1368 771 vides
1394 739 1524 783 quanta
1551 737 1604 771 vis
1633 737 1668 771 in
1690 748 1762 784 rep.
1790 739 1913 785 tempo·

255 817 336 842 rum
362 805 419 846 sit,
446 803 513 839 IV.
545 803 600 848 13,
630 801 650 836 2
678 799 731 834 vis
758 801 787 834 et
813 797 957 833 mutatio
971 796 1126 831 omnium
1140 807 1257 831 rerum
1271 797 1371 842 atque
1385 797 1584 841 temporum.
1602 793 1669 829 Off.
1684 794 1713 840 I,
1731 795 1801 829 144
1816 797 1913 829 tanta

255 865 310 900 vis
336 866 383 898 est
409 865 439 898 et
464 861 530 896 loci
555 863 584 895 et
610 858 784 906 tmnporis.

306 922 336 958 I.
366 923 398 968 9,
428 921 485 956 16.
539 918 658 954 Cicero
685 915 798 952 reiicit
823 914 1005 960 vulgarem
1032 912 1230 960 opinionem
1258 911 1299 954 Q.
1324 910 1508 946 Metellum
1525 909 1751 945 Numidicum
1766 913 1845 957 post
1862 921 1913 946 re-

257 980 370 1016 ditum
397 978 515 1014 animo
544 977 653 1011 fracto
680 979 713 1010 et
740 973 888 1009 demisso
906 971 1094 1018 fuisse,his
1108 970 1242 1005 verbis:
1271 972 1317 1004 est
1331 980 1410 1004 vero
1417 968 1650 1016 probandmn,
1667 968 1727 1015 qui
1739 971 1768 1003 et
1781 979 1915 1003 summa

256 1039 428 1075 voluntate
466 1036 603 1071 cesserit
640 1036 669 1069 et
708 1032 843 1080 eyreqia
883 1030 996 1065 (mimi
1022 1029 1204 1064 alacritate
1228 1027 1362 1074 afuerit
1389 1039 1494 1073 neque
1519 1039 1601 1061 sane
1627 1027 1742 1062 ‘redire
1767 1027 1914 1073 curarit,

256 1109 333 1134 eum
359 1096 397 1132 ob
427 1095 462 1130 id
491 1095 603 1142 ipsum
630 1092 784 1139 fractum
811 1089 932 1136 fuisse,
963 1089 999 1123 in
1025 1099 1091 1135 quo
1117 1098 1224 1134 quum
1249 1098 1362 1121 omnes
1376 1085 1611 1120 lzominestam
1626 1085 1679 1121 M.
1697 1085 1794 1120 illum
1808 1084 1917 1121 Scau—

257 1168 348 1202 rum,
384 1153 599 1201 sintqularem
621 1151 748 1196 virum,
777 1148 970 1184 constantia
996 1149 1025 1181 et
1048 1146 1222 1193 gravitate
1247 1146 1451 1191 superasset.
1493 1143 1657 1178 Schutzio
1684 1143 1768 1178 haec
1796 1143 1914 1178 omnia

258 1213 460 1262 glossatoris
487 1222 630 1246 manum
659 1209 785 1256 potius,
814 1219 917 1253 quam
945 1205 1122 1241 Ciceronis
1150 1204 1270 1239 stilum
1299 1202 1441 1250 prodere
1478 1201 1696 1236 videbantur.
1748 1201 1861 1248 Atqui
1887 1202 1917 1237 si

258 1273 428 1318 delentur,
469 1271 506 1306 in
546 1266 772 1315 sequentibus
798 1265 899 1312 plura
926 1263 1094 1298 mutanda
1121 1265 1213 1297 sunt.
1266 1261 1385 1296 Verba
1411 1260 1541 1295 ironice
1571 1259 1639 1294 dici
1675 1259 1763 1294 vidit
1789 1260 1916 1296 Manu-

258 1331 329 1366 tius
355 1330 459 1375 idque
485 1325 631 1362 indicari
660 1322 832 1372 particula
862 1333 946 1357 sero.
974 1317 1535 1366 Estreroprobczndmnrogantis
1550 1320 1611 1363 est,
1627 1317 1780 1364 possitne
1796 1329 1915 1352 revera

257 1388 409 1438 probari,
436 1398 524 1433 quae
550 1383 706 1431 quaestio
734 1381 889 1418 continet
914 1379 1147 1426 negationem.
1175 1377 1322 1412 Frustra
1348 1376 1385 1410 in
1411 1375 1467 1411 his
1493 1375 1681 1410 haeserunt
1707 1375 1860 1410 Orellius
1882 1380 1915 1411 et

258 1447 431 1492 Baiterus,
469 1444 529 1492 qui
560 1441 734 1478 immerito
765 1440 864 1475 uncis
891 1438 1046 1473 inclusit.
1098 1436 1174 1482 Ego
1200 1447 1281 1470 vero
1312 1434 1437 1469 haereo
1464 1433 1501 1468 in
1530 1433 1644 1468 verbis
1672 1433 1710 1468 ob
1737 1433 1775 1468 id
1801 1434 1916 1480 ipsum

258 1509 293 1542 et
330 1506 369 1540 in
406 1515 472 1551 quo
499 1523 545 1528 —
572 1501 776 1548 superasset,
817 1495 1108 1541 scribendumque
1143 1493 1310 1528 coniicio:
1339 1504 1415 1527 eum
1442 1492 1518 1527 odio
1545 1504 1736 1539 paucorum
1761 1491 1916 1538 fractum

259 1565 370 1612 fuisse
399 1563 527 1609 iniquo,
553 1571 658 1607 quum
686 1569 798 1593 omnes
823 1556 985 1599 homin-es,
1001 1555 1104 1589 etlam
1119 1553 1170 1588 M.
1193 1552 1290 1587 illum
1307 1550 1480 1586 Scaurum
1499 1551 1690 1585 constantia
1705 1553 1734 1585 et
1745 1551 1918 1597 ιφασιίἐαιίε

260 1623 464 1670 superasset.
510 1618 630 1654 Verba
655 1615 870 1663 sinqularem
896 1614 1014 1649 sirum
1040 1610 1224 1658 glossatori
1259 1609 1385 1645 tribuo.
1440 1609 1561 1644 Cicero
1588 1609 1791 1656 pronomine
1821 1609 1918 1644 illum

260 1680 395 1717 nomini
420 1678 554 1714 adiecto
581 1676 667 1711 satis
693 1686 771 1710 eum
799 1673 968 1719 designat.
998 1674 1036 1706 ut
1064 1682 1135 1705 non
1161 1681 1272 1704 unum
1298 1667 1339 1703 de
1366 1666 1497 1702 multis.

311 1737 437 1774 Paullo
476 1738 554 1784 post
590 1733 740 1769 libenter
778 1731 920 1779 accipio,
948 1728 1039 1777 quod
1066 1727 1230 1763 nonnulli
1255 1726 1337 1761 libri
1373 1725 1492 1772 scripti
1517 1728 1551 1759 et
1577 1724 1673 1759 editt.
1701 1723 1915 1770 antiquiores

262 1797 348 1833 dant
374 1807 460 1843 quae
486 1793 691 1828 declarasset
718 1802 778 1838 pro
805 1800 911 1836 qaum
937 1787 1152 1822 declarasset.
1180 1785 1300 1820 Minus
1328 1786 1418 1818 recte
1444 1783 1510 1817 hoc
1537 1783 1633 1817 velut
1659 1794 1701 1817 ex
1728 1794 1837 1828 aequo
1865 1782 1917 1817 in-

263 1854 458 1902 terponitur
484 1851 620 1887 verbis:
648 1860 755 1896 quum
781 1859 834 1883 res
853 1860 894 1894 p.
920 1846 1028 1891 daret,
1056 1848 1090 1880 et
1116 1855 1287 1891 quumque
1316 1841 1489 1878 Metellum
1516 1863 1561 1866 —
1590 1841 1856 1888 reeeperavisset.

313 1912 343 1948 I.
371 1913 403 1958 9,
434 1911 490 1945 18.
542 1908 657 1955 Atque
682 1906 771 1941 hane
797 1904 933 1952 quidem
962 1903 1016 1938 ille
1041 1914 1182 1937 causam
1207 1900 1276 1936 sibe·
1301 1899 1664 1946 aitnonattinyendae
1680 1899 1778 1946 reip.
1794 1899 1915 1945 fuisse,

264 1970 365 2019 quod,
393 1979 499 2016 quum
523 1965 720 2012 offendisset
734 1963 906 2011 populum
920 1961 1160 1997 Atheniensem
1166 1970 1278 2006 prope
1294 1958 1363 1993 iam
1376 1957 1595 2005 desipientem
1608 1960 1780 1998 senectute,
1795 1969 1916 2004 qaum-

265 2040 328 2077 que
361 2038 437 2062 eum
459 2036 516 2060 nee
536 2022 778 2072 persuadendo
806 2032 864 2056 nee
890 2019 1033 2067 eoyemlo
1061 2019 1134 2065 reyi
1154 2029 1255 2065 posse
1282 2016 1431 2057 ve‘clisset,
1460 2027 1565 2063 quam
1586 2015 1797 2063 persuaderi
1815 2027 1917 2063 posse

265 2085 453 2133 diffideret,
481 2083 555 2130 0092?
581 2082 640 2128 fas
666 2091 815 2116 essenon
829 2078 1075 2114 arbim—aretem:
1103 2076 1385 2121 Quotiescunque
1399 2074 1442 2109 ad
1457 2074 1491 2109 h.
1506 2074 1529 2109 l.
1545 2074 1657 2120 redeo,
1672 2085 1743 2108 non
1762 2074 1915 2120 potuisse

265 2149 338 2180 tam
363 2142 601 2191 perturbatam
628 2137 838 2174 sententiam
864 2149 885 2172 a
911 2136 1059 2171 Platone
1086 2134 1202 2181 scribi,
1233 2145 1298 2168 nec
1323 2132 1483 2168 Platonis
1510 2136 1663 2167 mentem
1688 2132 1739 2167 ita
1769 2144 1789 2167 a
1817 2132 1914 2168 Cice-

266 2215 349 2239 rone
376 2200 552 2237 obscurari
580 2197 753 2233 existimo.
779 2196 871 2232 Nam
898 2206 986 2242 quae
1013 2197 1065 2229 est
1078 2193 1146 2228 ista
1159 2191 1398 2227 ratiocinatio:
1431 2190 1536 2236 „Vidi
1550 2191 1718 2238 populum
1733 2202 1802 2225 non
1815 2203 1915 2238 posse

267 2261 339 2308 regi
367 2256 624 2307 persua‹lendo;
651 2267 731 2301 ergo
758 2254 789 2289 ei
815 2252 1013 2301 persuaderi
1040 2263 1138 2298 posse
1165 2248 1335 2285 diffido’'‘?
1362 2261 1430 2295 qua
1457 2249 1519 2284 vix
1539 2248 1660 2283 melior
1673 2248 1778 2283 haec:
1810 2247 1916 2293 „Vidi

266 2318 436 2367 populum
462 2328 532 2352 non
558 2326 658 2362 posse
684 2312 757 2359 regi
784 2311 960 2358 cogendo,
987 2321 1067 2356 ergo
1094 2308 1170 2355 cogi
1197 2308 1249 2343 fas
1274 2318 1348 2342 esse
1373 2318 1445 2341 non
1471 2305 1656 2341 arbitror.”
1709 2305 1745 2340 Si
1771 2305 1808 2340 in
1834 2305 1916 2341 Pla-

266 2375 360 2412 tonis
399 2373 548 2420 seriptis,
583 2383 672 2418 quae
699 2372 896 2418 supersunt,
925 2369 1022 2403 locus
1048 2366 1275 2410 inveniretur,
1302 2377 1405 2411 quem
1431 2365 1551 2400 Cicero
1587 2364 1835 2411 interpretatus
1861 2364 1917 2399 vel

266 2434 425 2470 imitatus
452 2435 514 2477 est,
542 2430 643 2466 facile
669 2429 775 2464 verba
802 2427 978 2464 emendari
1004 2429 1156 2474 possent.
1193 2424 1308 2467 Quum
1335 2423 1465 2458 frustra
1491 2426 1688 2469 quaeratur,
1715 2421 1759 2456 ad
1786 2422 1919 2456 coniec-

268 2497 382 2529 turam
422 2488 693 2535 confugiendum
733 2491 795 2522 est.
848 2485 1021 2522 Graevius
1061 2487 1095 2519 et
1121 2484 1291 2519 Ernestus
1318 2481 1541 2529 protulerunt
1567 2479 1713 2527 aliquid,
1742 2479 1833 2526 quod
1859 2491 1919 2515 ne-

268 2550 356 2587 mini
395 2547 573 2584 satisfecit.
625 2546 677 2581 Io.
716 2544 863 2581 Rossius
901 2544 940 2579 in
975 2554 1057 2578 suae
1095 2541 1257 2577 editionis
1291 2539 1416 2575 harum
1450 2538 1577 2586 Epistt.
1617 2537 1697 2572 Vol.
1727 2537 1757 2583 1,
1784 2549 1817 2584 p.
1847 2537 1919 2572 378
