2163 3020
395 286 708 316 OBSERVATIONES
730 287 907 316 CRITICAE
931 289 982 316 AD
1006 290 1042 317 M.
1065 289 1195 318 TULLII
1217 291 1416 321 CICERONIS
1440 293 1654 324 EPISTOLAS.
1810 286 1854 320 6]-

193 385 296 421 vultu
330 397 391 433 pro
417 385 477 420 hoc
496 385 647 432 pendent
672 385 834 431 homines,
864 386 918 420 vel
945 398 986 421 ex
1011 387 1072 422 hoc
1099 388 1319 424 scribendum
1354 391 1409 426 vel
1437 403 1517 427 cum
1544 392 1748 441 Spaldingio
1774 394 1857 429 hinc

188 444 336 491 pendent
361 443 393 479 Ιι.
421 443 662 489 corrigendum
691 447 753 478 est.

242 501 326 538 XV.
355 503 403 547 4¹¹,
433 503 464 537 2.
504 501 636 537 Eaeeisa
670 503 761 537 enim
787 505 833 536 est
859 502 976 548 arbor,
1005 515 1069 537 non
1102 504 1242 549 evulsa;
1271 506 1382 552 itaque
1408 519 1509 554 quam
1536 509 1723 554 fruticetur
1749 511 1858 546 eides-

192 560 358 596 Citantur
383 559 469 595 haec
495 560 601 595 verba
627 572 648 595 a
671 560 788 595 Nonio
815 560 924 596 Marc.
953 573 984 608 p.
1014 563 1096 597 479.
1135 563 1365 606 Quicheratus
1393 566 1483 601 male
1510 567 1559 602 ibi
1586 567 1694 603 edidit
1720 569 1854 604 avulsa.

191 618 309 654 Arbor
334 618 518 662 exciditur,
546 618 685 664 quando
711 618 845 653 radices
872 619 907 653 in
935 619 1008 654 solo
1034 619 1301 667 relinquuntur3
1329 622 1502 668 evellitur,
1529 625 1669 671 quando
1686 627 1854 662 radicitus

191 688 209 712 0
236 676 308 711 solo
347 676 481 711 eruitur
518 675 574 711 vel
601 677 825 723 exstirpatur.
865 677 922 712 Ex
948 677 1070 712 arbore
1096 677 1246 725 frondes,
1274 691 1386 726 poma,
1414 682 1501 716 rami
1528 682 1749 730 avelluntur,
1777 685 1852 732 ipsa

191 746 262 769 non
301 733 476 769 avellitur.
517 733 638 768 Cicero
663 738 780 769 autem
816 734 880 769 hoc
908 735 993 770 dicit
1030 735 1214 771 Caesarem
1241 749 1315 772 esse
1341 743 1514 785 necatum,
1543 741 1601 775 sed
1630 742 1851 788 tyrannidem

189 804 261 827 non
288 792 474 837 sublatam,
503 803 680 838 novosque
707 792 872 827 subnasci
900 792 1075 829 Caesares.

239 850 384 885 Ibidem.
424 849 618 885 Redeamus
660 851 781 897 ι’φῗέιιν,
821 852 985 897 quoniam
1024 863 1123 899 saepe
1163 864 1325 900 usurpas,
1366 854 1412 889 ad
1454 855 1672 891 Tusculanas
1697 858 1854 905 disputa-

188 909 305 944 tiones.
345 908 532 953 Saufeium
569 908 610 943 de
647 912 677 941 te
715 909 857 944 celemus
868 923 882 953 ,·
921 921 978 956 eqo
1006 923 1184 957 uunquam
1210 911 1377 947 iudicabo.
1418 912 1474 947 Sic
1502 913 1604 959 edidi,
1633 919 1666 950 et
1692 920 1770 963 post
1796 929 1850 952 1110

187 966 306 1002 Κ101Ζ.
330 967 368 1001 111
394 967 445 1001 ed.
486 966 547 1001 alt.
575 967 737 1001 Baitcrus
764 970 798 1002 et
837 967 1112 1014 Wesenbergius
1141 969 1356 1016 scripserunt
1382 983 1400 1005 e
1426 971 1535 1007 Meti:
1567 972 1755 1019 Saufeium
1774 978 1852 1022 pete

186 1024 338 1070 celemus,
366 1024 562 1059 iudicantes
582 1027 659 1071 pete
685 1036 758 1059 esse
785 1030 997 1072 corruptum.
1026 1026 1147 1073 Nuper
1174 1026 1215 1062 Ο.
1232 1027 1390 1062 Schmidt
1405 1029 1442 1063 111
1458 1029 1580 1065 Museo
1596 1031 1717 1077 philol.
1734 1032 1848 1068 Rhen.

186 1082 255 1117 vol.
284 1082 433 1117 XXXV
459 1094 491 1129 p.
523 1083 592 1116 315
621 1082 727 1117 scribi
754 1083 874 1118 iussit:
905 1083 1092 1130 Saufeium
1112 1085 1206 1131 petis
1232 1085 1383 1121 celemus.
1425 1087 1506 1122 Non
1532 1089 1632 1123 credo
1659 1102 1778 1125 verum
1805 1091 1850 1126 ab

184 1152 225 1175 eo
252 1152 325 1175 esse
352 1140 546 1174 inventum.
575 1140 659 1175 Post
687 1141 876 1187 redeamus,
904 1142 994 1188 quod
1022 1142 1142 1177 Cicero
1169 1143 1210 1178 de
1237 1156 1272 1178 se
1298 1149 1332 1178 et
1358 1144 1398 1179 de
1426 1147 1545 1181 Attico
1568 1149 1694 1194 posuit,
1710 1149 1850 1184 celemus

185 1210 257 1234 non
296 1199 336 1233 de
376 1198 448 1233 solo
490 1198 655 1234 Cicerone
695 1200 763 1234 dici
798 1205 922 1247 potest,
960 1201 1019 1235 sed
1046 1202 1083 1236 111
1111 1202 1216 1237 verbo
1245 1203 1371 1238 vitium
1399 1203 1495 1239 latet.
1524 1204 1752 1242 Scribendum
1780 1212 1848 1243 est:

186 1257 371 1303 Saufeium
409 1257 449 1291 tle
487 1261 516 1292 te
555 1257 651 1292 celem
695 1259 755 1303 ris,
783 1259 839 1293 cui
865 1259 1046 1306 aptissime
1073 1260 1280 1295 subiicitur:
1309 1273 1366 1308 eqo
1393 1274 1568 1309 nimquam
1599 1264 1766 1301 indicabo.
1795 1266 1847 1302 Cf.

183 1317 335 1351 eiusdem
365 1317 636 1351 constructionis
663 1317 823 1364 exempla
850 1319 926 1352 Art.
956 1318 1059 1353 XYI.
1092 1321 1148 1364 11,
1178 1321 1210 1354 S.
1239 1320 1338 1355 Fam.
1368 1320 1454 1356 ΥΠ.
1484 1323 1539 1368 13,
1570 1324 1601 1358 2.
1630 1323 1696 1359 IX.
1727 1326 1784 1371 21,
1815 1327 1847 1360 2.

233 1376 317 1411 XV.
358 1378 414 1422 40,
453 1378 485 1410 4.
527 1375 616 1410 Misi
641 1376 755 1410 dedita
785 1380 927 1423 (opera).
956 1377 1000 1412 G.
1029 1378 1212 1423 Landgraf
1234 1379 1271 1413 in
1299 1379 1386 1426 disp.
1414 1380 1455 1414 de
1483 1380 1554 1416 Cio.
1583 1382 1778 1418 elocutione
1805 1385 1841 1419 111

183 1446 230 1469 or.
259 1447 291 1481 p.
321 1434 465 1477 Quintio
492 1438 525 1468 01
552 1446 584 1480 p.
613 1434 714 1469 Rosc.
743 1436 823 1470 Am.
853 1435 1090 1481 (Wirceburgi
1124 1438 1242 1482 1873),
1271 1450 1303 1483 p.
1334 1439 1378 1472 '25
1408 1442 1841 1488 Περ-111011001001011001,

182 1492 347 1538 quoniam
388 1496 467 1538 ιιηᾶ,
507 1491 619 1526 eadem
660 1493 750 1539 apud
788 1494 936 1528 comicos
975 1493 1081 1528 simili
1119 1494 1234 1541 ellipsi
1266 1495 1440 1542 dicuutur,
1470 1501 1503 1531 et
1529 1497 1566 1531 111
1593 1498 1696 1533 Pauli
1723 1512 1796 1535 exc.
1825 1514 1843 1535 e

181 1549 285 1583 Festo
325 1562 357 1596 p.
396 1550 441 1584 70
481 1549 594 1584 clecle’ta
634 1550 841 1596 explicatur.
882 1551 947 1586 Sed
974 1551 1059 1586 haec
1086 1559 1291 1598 argumenta
1319 1553 1410 1588 nihil
1434 1555 1594 1601 probant.
1636 1557 1755 1592 Cicero
1783 1559 1843 1604 qui

180 1618 315 1654 semper
339 1607 427 1642 alias
455 1607 593 1654 scripsit
619 1607 733 1643 dedita
761 1621 863 1656 opera
893 1610 949 1652 (cf.
978 1610 1015 1644 in
1042 1610 1096 1645 his
1124 1623 1200 1658 epp.
1228 1611 1334 1646 VIII.
1365 1613 1421 1657 14,
1453 1615 1492 1659 13
1520 1613 1568 1648 X.
1598 1614 1774 1662 33X1.S‚
1797 1618 1838 1663 23

179 1664 261 1699 data
288 1677 390 1712 opera
420 1665 559 1702 Coelius
586 1666 684 1702 Fam.
711 1667 818 1703 VIII.
850 1670 880 1714 1,
912 1670 956 1714 1),
984 1668 1049 1703 hoc
1076 1681 1146 1704 uno
1172 1669 1247 1704 1000
1274 1682 1344 1704 11011
1371 1670 1473 1705 aliter
1493 1672 1642 1718 scripsit,
1658 1673 1715 1708 sed
1736 1686 1839 1721 opera

179 1728 262 1758 ante
301 1727 373 1758 erat
412 1736 431 1758 a
471 1724 625 1759 librariis
665 1726 861 1772 neglectum
901 1734 963 1762 est.
1008 1727 1062 1762 Nc
1090 1728 1212 1762 comici
1239 1728 1377 1774 quidem
1404 1729 1518 1764 dedita
1546 1731 1750 1778 simpliciter
1776 1746 1837 1781 pro

179 1782 295 1817 dedita
321 1794 424 1829 opera
453 1788 677 1829 usurparunt.

229 1839 312 1874 XV.
344 1842 400 1885 11,
430 1842 462 1875 4.
497 1840 585 1874 Vota
611 1841 804 1876 dissolrere.
833 1842 977 1877 Frustra
1005 1843 1069 1878 hoc
1097 1843 1296 1878 sollicitavi.
1326 1844 1375 1879 Ut
1401 1845 1583 1880 dissolvere
1609 1848 1751 1893 ponitur
1775 1862 1837 1896 pro

179 1897 326 1932 debitum
363 1898 490 1932 solvere
528 1898 631 1933 XVI.
678 1901 733 1944 15,
772 1900 791 1933 ‘2
820 1900 1006 1946 eademque
1043 1903 1216 1936 sententia
1245 1914 1360 1936 nomeu
1389 1903 1572 1938 dissolrere
1598 1909 1631 1939 et
1649 1908 1835 1952 pecco-ziam

179 1955 363 1990 dissolvere
402 1956 524 1992 Plane.
567 1958 611 1991 (38
650 1965 682 1991 01
718 1957 818 1992 Ῡο1’1·.
846 1959 926 1993 Act.
955 1959 1003 1993 II.
1034 1961 1065 2002 3,
1097 1961 1176 2005 174,
1205 1960 1253 1994 sic
1281 1963 1356 1994 ¹rota
1383 1961 1566 1995 dissolvere
1592 1962 1625 1998 h.
1654 1963 1675 1998 1.
1704 1965 1835 2001 dictum

177 2018 229 2049 est
256 2020 294 2050 ut
321 2015 356 2049 in
397 2015 528 2050 Catulli
555 2027 659 2050 carm.
688 2017 744 2061 66,
774 2017 819 2050 38
841 2017 998 2063 pristina
1029 2021 1101 2052 rota
1131 2030 1214 2053 uoco
1249 2031 1386 2053 munere
1412 2019 1572 2055 diss-olem.
1602 2021 1654 2056 Cf.
1683 2023 1833 2060 Valcke-

177 2074 316 2108 naerins
343 2074 385 2108 ad
413 2074 559 2119 elegiam
586 2074 681 2108 illam
710 2087 742 2121 p.
774 2076 841 2109 126
869 2076 921 2110 ed.
950 2076 999 2112 Io.
1027 2077 1153 2123 Luzac,
1184 2078 1222 2112 L.
1251 2078 1291 2112 B.
1323 2079 1427 2113 1798.

227 2131 310 2166 XV.
354 2134 408 2175 13,
451 2134 483 2167 5.
524 2131 603 2167 Sese
629 2133 668 2166 sle
694 2133 916 2168 attributione
941 2136 1056 2169 omnia
1081 2147 1215 2169 summa
1242 2135 1372 2180 fecisse.
1404 2136 1528 2171 Omnia
1555 2149 1688 2173 summa
1715 2140 1830 2184 facere

176 2189 242 2235 vel,
273 2195 311 2224 01
337 2195 389 2224 est
415 2190 452 2224 in
480 2190 608 2224 Lucilii
632 2190 826 2236 fragmento
853 2204 871 2226 e
897 2192 958 2227 lib.
986 2193 1137 2228 XXVII
1163 2193 1254 2240 apud
1268 2193 1425 2228 Nonium
1440 2207 1471 2241 p.
1490 2195 1534 2229 88
1551 2199 1583 2229 et
1599 2197 1828 2241 382,summa

175 2247 291 2282 omnia
317 2246 432 2292 facere
458 2252 509 2281 est
535 2247 625 2281 nihil
652 2248 837 2294 negligere,
865 2251 1123 2285 accuratissime
1142 2263 1252 2296 agere.
1280 2251 1411 2286 Eadem
1426 2252 1598 2287 locutione
1615 2253 1732 2289 Cicero
1747 2269 1830 2292 usus

173 2308 227 2340 est
253 2305 294 2340 de
321 2304 418 2340 Orat.
441 2305 490 2339 II.
521 2305 578 2340 85.

224 2362 307 2398 XV.
337 2364 394 2407 27,
426 2365 456 2397 1.
486 2362 584 2407 Quod
610 2363 771 2398 Puteolos
790 2366 1028 2411 prosequitur.
1055 2365 1326 2411 Wesenbergius
1353 2378 1430 2400 cum
1458 2367 1552 2402 Crat.
1568 2375 1601 2401 01
1615 2368 1708 2404 Vict.
1724 2370 1832 2406 edidit

171 2422 392 2468 persequitur
428 2432 465 2455 o:
506 2434 559 2456 1110
599 2423 766 2468 sequitur,
794 2435 900 2468 quum
922 2425 1089 2470 prosequi
1116 2436 1151 2458 0:
1181 2425 1338 2459 comitari
1365 2425 1409 2459 ab
1437 2425 1470 2459 h.
1498 2425 1521 2460 1.
1549 2426 1703 2462 alienum
1730 2433 1830 2475 puta-

173 2484 236 2514 ret.
263 2479 345 2514 Xon
371 2480 552 2514 assentior.
581 2480 727 2527 Scripsit
755 2480 874 2515 Cicero
901 2481 990 2516 hanc
1019 2482 1200 2529 epistolam
1229 2483 1264 2517 in
1299 2483 1484 2530 Arpinati,
1512 2495 1573 2518 cur
1600 2484 1733 2519 Sestius
1760 2499 1830 2522 non

173 2542 307 2584 poterat
346 2537 501 2584 polliceri
541 2550 575 2573 se
615 2549 692 2572 cum
733 2538 897 2574 Cicerone
938 2540 1102 2575 Puteolos
1143 2540 1376 2588 profecturum
1404 2542 1502 2576 esse?
1528 2541 1569 2576 Id
1596 2551 1711 2577 autem
1740 2544 1832 2580 inest
