<?xml version="1.0" encoding="UTF-8"?>
<!DOCTYPE html PUBLIC "-//W3C//DTD XHTML 1.0 Transitional//EN"
    "http://www.w3.org/TR/xhtml1/DTD/xhtml1-transitional.dtd">
<html xmlns="http://www.w3.org/1999/xhtml" xml:lang="en" lang="en">
 <head>
  <title>
</title>
<meta http-equiv="Content-Type" content="text/html;charset=utf-8" />
  <meta name='ocr-system' content='tesseract 3.04.00' />
  <meta name='ocr-capabilities' content='ocr_page ocr_carea ocr_par ocr_line ocrx_word'/>
</head>
<body>
  <div class='ocr_page' id='page_1' title='image "./observationescri00boot/observationescri00boot_0029.png"; bbox 0 0 2163 3020; ppageno 0'>
   <div class='ocr_carea' id='block_1_1' title="bbox 437 270 1895 308">
    <p class='ocr_par' dir='ltr' id='par_1_1' title="bbox 437 270 1895 308">
     <span class='ocr_line' id='line_1_1' title="bbox 437 270 1895 308; baseline 0.001 -6"><span class='ocrx_word' id='word_1_1' title='bbox 437 272 750 304; x_wconf 82' lang='lat' dir='ltr'>OBSERVATIONES</span> <span class='ocrx_word' id='word_1_2' title='bbox 773 275 947 304; x_wconf 81' lang='lat' dir='ltr'>CRITICAE</span> <span class='ocrx_word' id='word_1_3' title='bbox 971 275 1022 303; x_wconf 89' lang='lat' dir='ltr'>AD</span> <span class='ocrx_word' id='word_1_4' title='bbox 1046 277 1082 304; x_wconf 89' lang='lat' dir='ltr'>M.</span> <span class='ocrx_word' id='word_1_5' title='bbox 1106 276 1235 304; x_wconf 79' lang='lat' dir='ltr'>TULLII</span> <span class='ocrx_word' id='word_1_6' title='bbox 1258 277 1456 307; x_wconf 83' lang='lat' dir='ltr'>CICERONIS</span> <span class='ocrx_word' id='word_1_7' title='bbox 1480 278 1692 308; x_wconf 82' lang='lat' dir='ltr'>EPISTOLAS.</span> <span class='ocrx_word' id='word_1_8' title='bbox 1849 270 1895 304; x_wconf 80' lang='lat'>23</span> 
     </span>
    </p>
   </div>
   <div class='ocr_carea' id='block_1_2' title="bbox 222 371 1896 2584">
    <p class='ocr_par' dir='ltr' id='par_1_2' title="bbox 230 371 1896 1237">
     <span class='ocr_line' id='line_1_2' title="bbox 231 371 1893 424; baseline 0.004 -18"><span class='ocrx_word' id='word_1_9' title='bbox 231 383 278 406; x_wconf 79' lang='lat' dir='ltr'>cx</span> <span class='ocrx_word' id='word_1_10' title='bbox 312 371 422 419; x_wconf 86' lang='lat' dir='ltr'>ipsius</span> <span class='ocrx_word' id='word_1_11' title='bbox 458 372 615 408; x_wconf 82' lang='lat' dir='ltr'>Caesaris</span> <span class='ocrx_word' id='word_1_12' title='bbox 655 374 770 409; x_wconf 89' lang='lat' dir='ltr'>verbis</span> <span class='ocrx_word' id='word_1_13' title='bbox 797 374 996 420; x_wconf 76' lang='lat' dir='ltr'>(constituit,</span> <span class='ocrx_word' id='word_1_14' title='bbox 1025 377 1061 409; x_wconf 78' lang='lat' dir='ltr'>ut</span> <span class='ocrx_word' id='word_1_15' title='bbox 1083 374 1214 409; x_wconf 82' lang='lat' dir='ltr'>arbitri</span> <span class='ocrx_word' id='word_1_16' title='bbox 1238 375 1408 411; x_wconf 68' lang='lat' dir='ltr'>darentur</span> <span class='ocrx_word' id='word_1_17' title='bbox 1434 378 1524 423; x_wconf 70' lang='lat' dir='ltr'>cet),</span> <span class='ocrx_word' id='word_1_18' title='bbox 1553 381 1626 412; x_wconf 87' lang='lat' dir='ltr'>tum</span> <span class='ocrx_word' id='word_1_19' title='bbox 1653 390 1697 412; x_wconf 85' lang='lat' dir='ltr'>ex</span> <span class='ocrx_word' id='word_1_20' title='bbox 1723 377 1777 424; x_wconf 87' lang='lat' dir='ltr'>iis,</span> <span class='ocrx_word' id='word_1_21' title='bbox 1805 388 1893 424; x_wconf 82' lang='lat' dir='ltr'>quac</span> 
     </span>
     <span class='ocr_line' id='line_1_3' title="bbox 233 429 1891 481; baseline 0.004 -16"><span class='ocrx_word' id='word_1_22' title='bbox 233 429 420 466; x_wconf 86' lang='lat' dir='ltr'>Suetonius</span> <span class='ocrx_word' id='word_1_23' title='bbox 448 431 485 466; x_wconf 89' lang='lat' dir='ltr'>in</span> <span class='ocrx_word' id='word_1_24' title='bbox 512 431 610 468; x_wconf 78' lang='lat' dir='ltr'>Caes.</span> <span class='ocrx_word' id='word_1_25' title='bbox 639 433 684 467; x_wconf 85' lang='grc'>42</span> <span class='ocrx_word' id='word_1_26' title='bbox 712 432 792 478; x_wconf 86' lang='lat' dir='ltr'>(„de</span> <span class='ocrx_word' id='word_1_27' title='bbox 817 432 973 480; x_wconf 88' lang='lat' dir='ltr'>pecuniis</span> <span class='ocrx_word' id='word_1_28' title='bbox 1001 433 1133 467; x_wconf 85' lang='lat' dir='ltr'>mutuis</span> <span class='ocrx_word' id='word_1_29' title='bbox 1160 454 1207 458; x_wconf 91' lang='lat'>—</span> <span class='ocrx_word' id='word_1_30' title='bbox 1235 433 1391 481; x_wconf 74' lang='lat' dir='ltr'>decreuit,</span> <span class='ocrx_word' id='word_1_31' title='bbox 1420 439 1459 470; x_wconf 88' lang='lat' dir='ltr'>ut</span> <span class='ocrx_word' id='word_1_32' title='bbox 1473 435 1644 470; x_wconf 77' lang='lat' dir='ltr'>debitores</span> <span class='ocrx_word' id='word_1_33' title='bbox 1663 436 1891 471; x_wconf 86' lang='lat' dir='ltr'>creditoribus</span> 
     </span>
     <span class='ocr_line' id='line_1_4' title="bbox 232 490 1894 539; baseline 0.004 -14"><span class='ocrx_word' id='word_1_34' title='bbox 232 490 475 526; x_wconf 77' lang='lat' dir='ltr'>satisfacerent</span> <span class='ocrx_word' id='word_1_35' title='bbox 501 503 562 538; x_wconf 91' lang='lat' dir='ltr'>per</span> <span class='ocrx_word' id='word_1_36' title='bbox 588 491 866 526; x_wconf 78' lang='lat' dir='ltr'>aestimationem</span> <span class='ocrx_word' id='word_1_37' title='bbox 892 491 1173 538; x_wconf 88' lang='lat' dir='ltr'>possessionum’&#39;</span> <span class='ocrx_word' id='word_1_38' title='bbox 1202 493 1293 539; x_wconf 65' lang='lat' dir='ltr'>cet),</span> <span class='ocrx_word' id='word_1_39' title='bbox 1322 496 1356 528; x_wconf 89' lang='lat' dir='ltr'>et</span> <span class='ocrx_word' id='word_1_40' title='bbox 1390 493 1532 529; x_wconf 80' lang='lat' dir='ltr'>Cassius</span> <span class='ocrx_word' id='word_1_41' title='bbox 1558 494 1625 529; x_wconf 92' lang='lat' dir='ltr'>Dio</span> <span class='ocrx_word' id='word_1_42' title='bbox 1651 494 1750 530; x_wconf 92' lang='lat' dir='ltr'>XLI.</span> <span class='ocrx_word' id='word_1_43' title='bbox 1780 496 1824 530; x_wconf 79' lang='lat'>37</span> <span class='ocrx_word' id='word_1_44' title='bbox 1852 495 1894 531; x_wconf 86' lang='lat' dir='ltr'>de</span> 
     </span>
     <span class='ocr_line' id='line_1_5' title="bbox 232 548 1896 600; baseline 0.003 -17"><span class='ocrx_word' id='word_1_45' title='bbox 232 548 353 584; x_wconf 89' lang='lat' dir='ltr'>eadem</span> <span class='ocrx_word' id='word_1_46' title='bbox 379 561 414 584; x_wconf 87' lang='lat' dir='ltr'>re</span> <span class='ocrx_word' id='word_1_47' title='bbox 440 553 595 596; x_wconf 86' lang='lat' dir='ltr'>narrant,</span> <span class='ocrx_word' id='word_1_48' title='bbox 623 553 766 597; x_wconf 89' lang='lat' dir='ltr'>apparet</span> <span class='ocrx_word' id='word_1_49' title='bbox 792 550 827 584; x_wconf 90' lang='lat' dir='ltr'>id</span> <span class='ocrx_word' id='word_1_50' title='bbox 858 562 928 585; x_wconf 92' lang='lat' dir='ltr'>non</span> <span class='ocrx_word' id='word_1_51' title='bbox 954 550 1041 596; x_wconf 83' lang='lat' dir='ltr'>lege,</span> <span class='ocrx_word' id='word_1_52' title='bbox 1069 551 1127 585; x_wconf 88' lang='lat' dir='ltr'>scd</span> <span class='ocrx_word' id='word_1_53' title='bbox 1154 551 1264 586; x_wconf 87' lang='lat' dir='ltr'>edicto</span> <span class='ocrx_word' id='word_1_54' title='bbox 1291 551 1469 587; x_wconf 88' lang='lat' dir='ltr'>dictatoris</span> <span class='ocrx_word' id='word_1_55' title='bbox 1497 564 1570 587; x_wconf 83' lang='lat' dir='ltr'>csse</span> <span class='ocrx_word' id='word_1_56' title='bbox 1596 554 1796 600; x_wconf 86' lang='lat' dir='ltr'>perfectum.</span> <span class='ocrx_word' id='word_1_57' title='bbox 1824 553 1896 588; x_wconf 89' lang='lat' dir='ltr'>Ita-</span> 
     </span>
     <span class='ocr_line' id='line_1_6' title="bbox 233 607 1892 656; baseline 0.004 -15"><span class='ocrx_word' id='word_1_58' title='bbox 233 619 300 653; x_wconf 89' lang='lat' dir='ltr'>que</span> <span class='ocrx_word' id='word_1_59' title='bbox 339 607 392 642; x_wconf 74' lang='lat' dir='ltr'>lex</span> <span class='ocrx_word' id='word_1_60' title='bbox 427 607 526 643; x_wconf 74' lang='lat' dir='ltr'>[iilia</span> <span class='ocrx_word' id='word_1_61' title='bbox 552 608 592 643; x_wconf 82' lang='lat' dir='ltr'>de</span> <span class='ocrx_word' id='word_1_62' title='bbox 615 609 773 656; x_wconf 74' lang='lat' dir='ltr'>pecuniis</span> <span class='ocrx_word' id='word_1_63' title='bbox 800 610 930 644; x_wconf 67' lang='lat' dir='ltr'>mutatis</span> <span class='ocrx_word' id='word_1_64' title='bbox 957 621 983 644; x_wconf 89' lang='lat' dir='ltr'>s.</span> <span class='ocrx_word' id='word_1_65' title='bbox 1010 609 1161 656; x_wconf 84' lang='lat' dir='ltr'>creditis,</span> <span class='ocrx_word' id='word_1_66' title='bbox 1190 622 1278 656; x_wconf 89' lang='lat' dir='ltr'>quae</span> <span class='ocrx_word' id='word_1_67' title='bbox 1305 610 1468 645; x_wconf 87' lang='lat' dir='ltr'>laudatur</span> <span class='ocrx_word' id='word_1_68' title='bbox 1495 623 1515 646; x_wconf 89' lang='lat' dir='ltr'>a</span> <span class='ocrx_word' id='word_1_69' title='bbox 1541 611 1706 646; x_wconf 86' lang='lat' dir='ltr'>Rudorfio</span> <span class='ocrx_word' id='word_1_70' title='bbox 1734 613 1770 646; x_wconf 90' lang='lat' dir='ltr'>in</span> <span class='ocrx_word' id='word_1_71' title='bbox 1798 612 1892 648; x_wconf 89' lang='lat' dir='ltr'>Hist.</span> 
     </span>
     <span class='ocr_line' id='line_1_7' title="bbox 233 665 1892 717; baseline 0.004 -18"><span class='ocrx_word' id='word_1_72' title='bbox 233 665 319 699; x_wconf 90' lang='lat' dir='ltr'>iuris</span> <span class='ocrx_word' id='word_1_73' title='bbox 354 665 418 700; x_wconf 87' lang='lat' dir='ltr'>Ro.</span> <span class='ocrx_word' id='word_1_74' title='bbox 458 665 477 700; x_wconf 91' lang='grc' dir='ltr'>Ι</span> <span class='ocrx_word' id='word_1_75' title='bbox 513 678 546 713; x_wconf 89' lang='lat' dir='ltr'>p.</span> <span class='ocrx_word' id='word_1_76' title='bbox 584 668 629 701; x_wconf 79' lang='lat'>48</span> <span class='ocrx_word' id='word_1_77' title='bbox 657 679 719 713; x_wconf 87' lang='lat' dir='ltr'>sq.,</span> <span class='ocrx_word' id='word_1_78' title='bbox 748 667 848 702; x_wconf 85' lang='lat' dir='ltr'>nulla</span> <span class='ocrx_word' id='word_1_79' title='bbox 874 667 951 714; x_wconf 89' lang='lat' dir='ltr'>fuit,</span> <span class='ocrx_word' id='word_1_80' title='bbox 980 680 1092 714; x_wconf 87' lang='lat' dir='ltr'>neque</span> <span class='ocrx_word' id='word_1_81' title='bbox 1119 668 1172 703; x_wconf 69' lang='lat' dir='ltr'>lea:</span> <span class='ocrx_word' id='word_1_82' title='bbox 1198 668 1232 704; x_wconf 91' lang='lat' dir='ltr'>h.</span> <span class='ocrx_word' id='word_1_83' title='bbox 1261 668 1284 703; x_wconf 94' lang='grc'>1.</span> <span class='ocrx_word' id='word_1_84' title='bbox 1314 669 1521 716; x_wconf 81' lang='lat' dir='ltr'>significata,</span> <span class='ocrx_word' id='word_1_85' title='bbox 1550 682 1612 705; x_wconf 88' lang='lat' dir='ltr'>nec</span> <span class='ocrx_word' id='word_1_86' title='bbox 1640 670 1692 704; x_wconf 75' lang='lat' dir='ltr'>lex</span> <span class='ocrx_word' id='word_1_87' title='bbox 1720 670 1892 717; x_wconf 73' lang='lat' dir='ltr'>Caesaris,</span> 
     </span>
     <span class='ocr_line' id='line_1_8' title="bbox 233 724 1893 775; baseline 0.003 -17"><span class='ocrx_word' id='word_1_88' title='bbox 233 736 302 769; x_wconf 87' lang='lat' dir='ltr'>qua</span> <span class='ocrx_word' id='word_1_89' title='bbox 328 724 460 759; x_wconf 88' lang='lat' dir='ltr'>Matius</span> <span class='ocrx_word' id='word_1_90' title='bbox 487 724 525 759; x_wconf 91' lang='lat' dir='ltr'>in</span> <span class='ocrx_word' id='word_1_91' title='bbox 553 737 604 772; x_wconf 87' lang='lat' dir='ltr'>ep.</span> <span class='ocrx_word' id='word_1_92' title='bbox 634 737 704 772; x_wconf 85' lang='lat' dir='ltr'>seq.</span> <span class='ocrx_word' id='word_1_93' title='bbox 732 726 750 772; x_wconf 65' lang='grc' dir='ltr'>ξ</span> <span class='ocrx_word' id='word_1_94' title='bbox 779 727 799 760; x_wconf 81' lang='lat'>2</span> <span class='ocrx_word' id='word_1_95' title='bbox 827 738 899 761; x_wconf 90' lang='lat' dir='ltr'>rem</span> <span class='ocrx_word' id='word_1_96' title='bbox 926 738 1025 761; x_wconf 85' lang='lat' dir='ltr'>suam</span> <span class='ocrx_word' id='word_1_97' title='bbox 1052 726 1261 762; x_wconf 80' lang='lat' dir='ltr'>familiarem</span> <span class='ocrx_word' id='word_1_98' title='bbox 1288 727 1504 762; x_wconf 80' lang='lat' dir='ltr'>deminutam</span> <span class='ocrx_word' id='word_1_99' title='bbox 1531 740 1605 763; x_wconf 89' lang='lat' dir='ltr'>esse</span> <span class='ocrx_word' id='word_1_100' title='bbox 1632 729 1798 775; x_wconf 85' lang='lat' dir='ltr'>queritur,</span> <span class='ocrx_word' id='word_1_101' title='bbox 1814 740 1893 764; x_wconf 88' lang='lat' dir='ltr'>cum</span> 
     </span>
     <span class='ocr_line' id='line_1_9' title="bbox 232 782 1892 834; baseline 0.002 -17"><span class='ocrx_word' id='word_1_102' title='bbox 232 782 293 817; x_wconf 91' lang='lat' dir='ltr'>illo</span> <span class='ocrx_word' id='word_1_103' title='bbox 320 783 431 818; x_wconf 91' lang='lat' dir='ltr'>edicto</span> <span class='ocrx_word' id='word_1_104' title='bbox 458 783 624 818; x_wconf 86' lang='lat' dir='ltr'>confundi</span> <span class='ocrx_word' id='word_1_105' title='bbox 651 784 762 819; x_wconf 89' lang='lat' dir='ltr'>debet.</span> <span class='ocrx_word' id='word_1_106' title='bbox 791 783 857 819; x_wconf 80' lang='lat' dir='ltr'>Sed</span> <span class='ocrx_word' id='word_1_107' title='bbox 884 784 921 818; x_wconf 88' lang='grc'>111</span> <span class='ocrx_word' id='word_1_108' title='bbox 949 784 983 819; x_wconf 91' lang='lat' dir='ltr'>h.</span> <span class='ocrx_word' id='word_1_109' title='bbox 1010 784 1033 819; x_wconf 92' lang='grc'>1.</span> <span class='ocrx_word' id='word_1_110' title='bbox 1054 784 1244 831; x_wconf 78' lang='lat' dir='ltr'>Ciceronis,</span> <span class='ocrx_word' id='word_1_111' title='bbox 1264 785 1410 820; x_wconf 87' lang='lat' dir='ltr'>fortasse</span> <span class='ocrx_word' id='word_1_112' title='bbox 1428 786 1534 821; x_wconf 85' lang='lat' dir='ltr'>etiam</span> <span class='ocrx_word' id='word_1_113' title='bbox 1548 786 1585 821; x_wconf 88' lang='lat' dir='ltr'>in</span> <span class='ocrx_word' id='word_1_114' title='bbox 1601 786 1703 821; x_wconf 87' lang='lat' dir='ltr'>Matii</span> <span class='ocrx_word' id='word_1_115' title='bbox 1718 798 1892 834; x_wconf 88' lang='lat' dir='ltr'>responso,</span> 
     </span>
     <span class='ocr_line' id='line_1_10' title="bbox 231 840 1892 891; baseline 0.002 -16"><span class='ocrx_word' id='word_1_116' title='bbox 231 840 407 876; x_wconf 89' lang='lat' dir='ltr'>indicatur</span> <span class='ocrx_word' id='word_1_117' title='bbox 444 841 501 876; x_wconf 77' lang='lat' dir='ltr'>lex</span> <span class='ocrx_word' id='word_1_118' title='bbox 541 854 629 889; x_wconf 72' lang='lat' dir='ltr'>„qua</span> <span class='ocrx_word' id='word_1_119' title='bbox 668 842 707 876; x_wconf 78' lang='lat' dir='ltr'>de</span> <span class='ocrx_word' id='word_1_120' title='bbox 742 842 840 876; x_wconf 84' lang='lat' dir='ltr'>modo</span> <span class='ocrx_word' id='word_1_121' title='bbox 866 842 1027 876; x_wconf 74' lang='lat' dir='ltr'>credendi</span> <span class='ocrx_word' id='word_1_122' title='bbox 1047 843 1315 890; x_wconf 69' lang='lat' dir='ltr'>possidendique</span> <span class='ocrx_word' id='word_1_123' title='bbox 1341 844 1437 878; x_wconf 75' lang='lat' dir='ltr'>intra</span> <span class='ocrx_word' id='word_1_124' title='bbox 1464 844 1633 879; x_wconf 76' lang='lat' dir='ltr'>Italiam’&#39;</span> <span class='ocrx_word' id='word_1_125' title='bbox 1663 850 1803 879; x_wconf 87' lang='lat' dir='ltr'>cautum</span> <span class='ocrx_word' id='word_1_126' title='bbox 1831 848 1892 891; x_wconf 89' lang='lat' dir='ltr'>est,</span> 
     </span>
     <span class='ocr_line' id='line_1_11' title="bbox 232 900 1894 946; baseline 0.003 -12"><span class='ocrx_word' id='word_1_127' title='bbox 232 911 337 946; x_wconf 86' lang='lat' dir='ltr'>quam</span> <span class='ocrx_word' id='word_1_128' title='bbox 372 900 538 935; x_wconf 84' lang='lat' dir='ltr'>adversus</span> <span class='ocrx_word' id='word_1_129' title='bbox 572 901 804 936; x_wconf 84' lang='lat' dir='ltr'>foeneratores</span> <span class='ocrx_word' id='word_1_130' title='bbox 831 914 850 936; x_wconf 88' lang='lat' dir='ltr'>a</span> <span class='ocrx_word' id='word_1_131' title='bbox 878 901 1045 936; x_wconf 77' lang='lat' dir='ltr'>dictatore</span> <span class='ocrx_word' id='word_1_132' title='bbox 1072 902 1220 938; x_wconf 82' lang='lat' dir='ltr'>Caesare</span> <span class='ocrx_word' id='word_1_133' title='bbox 1246 902 1357 938; x_wconf 90' lang='lat' dir='ltr'>latam</span> <span class='ocrx_word' id='word_1_134' title='bbox 1383 903 1505 938; x_wconf 79' lang='lat' dir='ltr'>scribit</span> <span class='ocrx_word' id='word_1_135' title='bbox 1531 903 1675 938; x_wconf 78' lang='lat' dir='ltr'>Tacitus</span> <span class='ocrx_word' id='word_1_136' title='bbox 1703 905 1799 939; x_wconf 90' lang='lat' dir='ltr'>Ann.</span> <span class='ocrx_word' id='word_1_137' title='bbox 1827 903 1894 939; x_wconf 80' lang='lat' dir='ltr'>VI.</span> 
     </span>
     <span class='ocr_line' id='line_1_12' title="bbox 234 958 1894 1008; baseline 0.004 -16"><span class='ocrx_word' id='word_1_138' title='bbox 234 958 291 1004; x_wconf 86' lang='lat'>16,</span> <span class='ocrx_word' id='word_1_139' title='bbox 332 970 488 1005; x_wconf 88' lang='lat' dir='ltr'>quaeque</span> <span class='ocrx_word' id='word_1_140' title='bbox 522 962 613 994; x_wconf 88' lang='lat' dir='ltr'>certe</span> <span class='ocrx_word' id='word_1_141' title='bbox 638 971 709 994; x_wconf 86' lang='lat' dir='ltr'>una</span> <span class='ocrx_word' id='word_1_142' title='bbox 736 959 803 994; x_wconf 87' lang='lat' dir='ltr'>fuit</span> <span class='ocrx_word' id='word_1_143' title='bbox 824 959 952 1005; x_wconf 82' lang='lat' dir='ltr'>legum,</span> <span class='ocrx_word' id='word_1_144' title='bbox 981 971 1067 1006; x_wconf 86' lang='lat' dir='ltr'>quas</span> <span class='ocrx_word' id='word_1_145' title='bbox 1094 961 1175 1008; x_wconf 78' lang='grc' dir='ltr'>περὶ</span> <span class='ocrx_word' id='word_1_146' title='bbox 1202 965 1280 997; x_wconf 81' lang='grc' dir='ltr'>τῶν</span> <span class='ocrx_word' id='word_1_147' title='bbox 1306 962 1558 1007; x_wconf 77' lang='grc' dir='ltr'><em>συμβολαίων</em></span> <span class='ocrx_word' id='word_1_148' title='bbox 1584 975 1604 997; x_wconf 90' lang='lat' dir='ltr'>a</span> <span class='ocrx_word' id='word_1_149' title='bbox 1631 962 1778 998; x_wconf 83' lang='lat' dir='ltr'>Caesare</span> <span class='ocrx_word' id='word_1_150' title='bbox 1805 962 1894 998; x_wconf 88' lang='lat' dir='ltr'>latas</span> 
     </span>
     <span class='ocr_line' id='line_1_13' title="bbox 232 1017 1893 1067; baseline 0.003 -16"><span class='ocrx_word' id='word_1_151' title='bbox 232 1020 400 1051; x_wconf 87' lang='lat' dir='ltr'>memorat</span> <span class='ocrx_word' id='word_1_152' title='bbox 439 1017 506 1052; x_wconf 89' lang='lat' dir='ltr'>Dio</span> <span class='ocrx_word' id='word_1_153' title='bbox 541 1017 680 1052; x_wconf 84' lang='lat' dir='ltr'>LVIII.</span> <span class='ocrx_word' id='word_1_154' title='bbox 722 1019 779 1052; x_wconf 78' lang='lat'>21.</span> <span class='ocrx_word' id='word_1_155' title='bbox 808 1017 861 1053; x_wconf 90' lang='lat' dir='ltr'>Cf.</span> <span class='ocrx_word' id='word_1_156' title='bbox 891 1018 1061 1053; x_wconf 81' lang='lat' dir='ltr'>Ernestus</span> <span class='ocrx_word' id='word_1_157' title='bbox 1087 1018 1130 1053; x_wconf 89' lang='lat' dir='ltr'>ad</span> <span class='ocrx_word' id='word_1_158' title='bbox 1158 1019 1272 1053; x_wconf 80' lang='lat' dir='ltr'>Taciti</span> <span class='ocrx_word' id='word_1_159' title='bbox 1300 1019 1323 1054; x_wconf 93' lang='lat' dir='ltr'>l.</span> <span class='ocrx_word' id='word_1_160' title='bbox 1351 1019 1374 1055; x_wconf 93' lang='grc'>1.</span> <span class='ocrx_word' id='word_1_161' title='bbox 1415 1020 1582 1055; x_wconf 88' lang='lat' dir='ltr'>Eiusdem</span> <span class='ocrx_word' id='word_1_162' title='bbox 1608 1025 1725 1056; x_wconf 90' lang='lat' dir='ltr'>autem</span> <span class='ocrx_word' id='word_1_163' title='bbox 1750 1021 1837 1067; x_wconf 79' lang='lat' dir='ltr'>legis</span> <span class='ocrx_word' id='word_1_164' title='bbox 1864 1021 1893 1056; x_wconf 88' lang='lat' dir='ltr'>si</span> 
     </span>
     <span class='ocr_line' id='line_1_14' title="bbox 230 1074 1893 1126; baseline 0.003 -17"><span class='ocrx_word' id='word_1_165' title='bbox 230 1074 361 1109; x_wconf 89' lang='lat' dir='ltr'>mentio</span> <span class='ocrx_word' id='word_1_166' title='bbox 388 1075 426 1109; x_wconf 88' lang='lat' dir='ltr'>fit</span> <span class='ocrx_word' id='word_1_167' title='bbox 452 1075 543 1122; x_wconf 90' lang='lat' dir='ltr'>apud</span> <span class='ocrx_word' id='word_1_168' title='bbox 570 1075 720 1110; x_wconf 90' lang='lat' dir='ltr'>Dionem</span> <span class='ocrx_word' id='word_1_169' title='bbox 747 1075 847 1111; x_wconf 87' lang='lat' dir='ltr'>XLI.</span> <span class='ocrx_word' id='word_1_170' title='bbox 877 1076 934 1122; x_wconf 77' lang='lat'>38,</span> <span class='ocrx_word' id='word_1_171' title='bbox 962 1076 1023 1110; x_wconf 91' lang='lat' dir='ltr'>ubi</span> <span class='ocrx_word' id='word_1_172' title='bbox 1051 1077 1179 1112; x_wconf 87' lang='lat' dir='ltr'>Caesar</span> <span class='ocrx_word' id='word_1_173' title='bbox 1205 1080 1369 1112; x_wconf 85' lang='lat' dir='ltr'>narratur</span> <span class='ocrx_word' id='word_1_174' title='bbox 1394 1077 1562 1113; x_wconf 87' lang='lat' dir='ltr'>eiusmodi</span> <span class='ocrx_word' id='word_1_175' title='bbox 1589 1079 1700 1125; x_wconf 80' lang='lat' dir='ltr'>legem</span> <span class='ocrx_word' id='word_1_176' title='bbox 1727 1091 1797 1114; x_wconf 88' lang='lat' dir='ltr'>non</span> <span class='ocrx_word' id='word_1_177' title='bbox 1824 1079 1893 1126; x_wconf 89' lang='lat' dir='ltr'>pri-</span> 
     </span>
     <span class='ocr_line' id='line_1_15' title="bbox 230 1134 1892 1185; baseline 0.004 -18"><span class='ocrx_word' id='word_1_178' title='bbox 230 1144 309 1167; x_wconf 91' lang='lat' dir='ltr'>mus</span> <span class='ocrx_word' id='word_1_179' title='bbox 335 1145 484 1180; x_wconf 83' lang='lat' dir='ltr'>rogasse,</span> <span class='ocrx_word' id='word_1_180' title='bbox 512 1134 570 1169; x_wconf 90' lang='lat' dir='ltr'>sed</span> <span class='ocrx_word' id='word_1_181' title='bbox 598 1135 667 1169; x_wconf 90' lang='lat' dir='ltr'>iam</span> <span class='ocrx_word' id='word_1_182' title='bbox 694 1138 775 1169; x_wconf 89' lang='lat' dir='ltr'>ante</span> <span class='ocrx_word' id='word_1_183' title='bbox 800 1134 909 1169; x_wconf 90' lang='lat' dir='ltr'>latam</span> <span class='ocrx_word' id='word_1_184' title='bbox 935 1146 1131 1181; x_wconf 83' lang='lat' dir='ltr'>renovasse,</span> <span class='ocrx_word' id='word_1_185' title='bbox 1159 1135 1346 1170; x_wconf 82' lang='lat' dir='ltr'>dicendum</span> <span class='ocrx_word' id='word_1_186' title='bbox 1361 1140 1413 1171; x_wconf 86' lang='lat' dir='ltr'>est</span> <span class='ocrx_word' id='word_1_187' title='bbox 1428 1136 1525 1171; x_wconf 88' lang='lat' dir='ltr'>brevi</span> <span class='ocrx_word' id='word_1_188' title='bbox 1542 1141 1620 1185; x_wconf 87' lang='lat' dir='ltr'>post</span> <span class='ocrx_word' id='word_1_189' title='bbox 1638 1137 1725 1172; x_wconf 89' lang='lat' dir='ltr'>illud</span> <span class='ocrx_word' id='word_1_190' title='bbox 1741 1137 1892 1172; x_wconf 88' lang='lat' dir='ltr'>edictum</span> 
     </span>
     <span class='ocr_line' id='line_1_16' title="bbox 231 1190 963 1237; baseline 0.003 -12"><span class='ocrx_word' id='word_1_191' title='bbox 231 1190 322 1226; x_wconf 84' lang='lat' dir='ltr'>hanc</span> <span class='ocrx_word' id='word_1_192' title='bbox 349 1191 460 1237; x_wconf 80' lang='lat' dir='ltr'>legem</span> <span class='ocrx_word' id='word_1_193' title='bbox 488 1204 508 1226; x_wconf 88' lang='lat' dir='ltr'>a</span> <span class='ocrx_word' id='word_1_194' title='bbox 535 1192 682 1227; x_wconf 84' lang='lat' dir='ltr'>Caesare</span> <span class='ocrx_word' id='word_1_195' title='bbox 708 1192 815 1227; x_wconf 87' lang='lat' dir='ltr'>fuisse</span> <span class='ocrx_word' id='word_1_196' title='bbox 842 1192 963 1227; x_wconf 86' lang='lat' dir='ltr'>latam.</span> 
     </span>
    </p>

    <p class='ocr_par' dir='ltr' id='par_1_3' title="bbox 229 1250 1894 1825">
     <span class='ocr_line' id='line_1_17' title="bbox 280 1250 1892 1299; baseline 0.004 -15"><span class='ocrx_word' id='word_1_197' title='bbox 280 1250 348 1285; x_wconf 92' lang='lat' dir='ltr'>XI.</span> <span class='ocrx_word' id='word_1_198' title='bbox 378 1251 434 1285; x_wconf 72' lang='lat'>⁴28.</span> <span class='ocrx_word' id='word_1_199' title='bbox 463 1250 539 1294; x_wconf 85' lang='lat' dir='ltr'>Quo</span> <span class='ocrx_word' id='word_1_200' title='bbox 565 1251 743 1298; x_wconf 86' lang='lat' dir='ltr'>pulchrior</span> <span class='ocrx_word' id='word_1_201' title='bbox 769 1254 820 1286; x_wconf 86' lang='lat' dir='ltr'>est</span> <span class='ocrx_word' id='word_1_202' title='bbox 846 1251 931 1286; x_wconf 86' lang='lat' dir='ltr'>haec</span> <span class='ocrx_word' id='word_1_203' title='bbox 958 1251 997 1287; x_wconf 91' lang='lat' dir='ltr'>C.</span> <span class='ocrx_word' id='word_1_204' title='bbox 1025 1251 1129 1286; x_wconf 87' lang='lat' dir='ltr'>Matii</span> <span class='ocrx_word' id='word_1_205' title='bbox 1157 1251 1315 1299; x_wconf 88' lang='lat' dir='ltr'>epistola,</span> <span class='ocrx_word' id='word_1_206' title='bbox 1345 1264 1384 1287; x_wconf 90' lang='lat' dir='ltr'>eo</span> <span class='ocrx_word' id='word_1_207' title='bbox 1408 1253 1518 1299; x_wconf 83' lang='lat' dir='ltr'>magis</span> <span class='ocrx_word' id='word_1_208' title='bbox 1536 1253 1725 1289; x_wconf 81' lang='lat' dir='ltr'>videndum</span> <span class='ocrx_word' id='word_1_209' title='bbox 1741 1267 1784 1289; x_wconf 88' lang='lat' dir='ltr'>ne</span> <span class='ocrx_word' id='word_1_210' title='bbox 1797 1254 1892 1290; x_wconf 91' lang='lat' dir='ltr'>ullus</span> 
     </span>
     <span class='ocr_line' id='line_1_18' title="bbox 230 1309 1894 1359; baseline 0.003 -16"><span class='ocrx_word' id='word_1_211' title='bbox 230 1309 269 1344; x_wconf 86' lang='lat' dir='ltr'>in</span> <span class='ocrx_word' id='word_1_212' title='bbox 295 1309 432 1355; x_wconf 78' lang='lat' dir='ltr'>egregio</span> <span class='ocrx_word' id='word_1_213' title='bbox 460 1321 599 1356; x_wconf 87' lang='lat' dir='ltr'>corpore</span> <span class='ocrx_word' id='word_1_214' title='bbox 626 1322 758 1344; x_wconf 87' lang='lat' dir='ltr'>naevus</span> <span class='ocrx_word' id='word_1_215' title='bbox 785 1309 1015 1356; x_wconf 89' lang='lat' dir='ltr'>relinquatur.</span> <span class='ocrx_word' id='word_1_216' title='bbox 1043 1309 1166 1345; x_wconf 84' lang='lat' dir='ltr'>Talem</span> <span class='ocrx_word' id='word_1_217' title='bbox 1192 1310 1280 1345; x_wconf 87' lang='lat' dir='ltr'>mihi</span> <span class='ocrx_word' id='word_1_218' title='bbox 1307 1310 1424 1346; x_wconf 82' lang='lat' dir='ltr'>videre</span> <span class='ocrx_word' id='word_1_219' title='bbox 1451 1311 1570 1346; x_wconf 81' lang='lat' dir='ltr'>videor</span> <span class='ocrx_word' id='word_1_220' title='bbox 1595 1311 1632 1346; x_wconf 90' lang='lat' dir='ltr'>in</span> <span class='ocrx_word' id='word_1_221' title='bbox 1651 1312 1669 1358; x_wconf 65' lang='grc' dir='ltr'>ἓ</span> <span class='ocrx_word' id='word_1_222' title='bbox 1689 1313 1708 1348; x_wconf 84' lang='lat'><strong>3</strong></span> <span class='ocrx_word' id='word_1_223' title='bbox 1730 1313 1789 1347; x_wconf 86' lang='lat' dir='ltr'>ubi</span> <span class='ocrx_word' id='word_1_224' title='bbox 1809 1312 1894 1359; x_wconf 75' lang='lat' dir='ltr'>legi-</span> 
     </span>
     <span class='ocr_line' id='line_1_19' title="bbox 230 1368 1894 1419; baseline 0.003 -18"><span class='ocrx_word' id='word_1_225' title='bbox 230 1379 328 1402; x_wconf 91' lang='lat' dir='ltr'>mus:</span> <span class='ocrx_word' id='word_1_226' title='bbox 358 1379 442 1414; x_wconf 75' lang='lat' dir='ltr'>qaae</span> <span class='ocrx_word' id='word_1_227' title='bbox 468 1380 568 1409; x_wconf 78' lang='lat' dir='ltr'>mine,</span> <span class='ocrx_word' id='word_1_228' title='bbox 596 1371 633 1402; x_wconf 82' lang='lat' dir='ltr'>at</span> <span class='ocrx_word' id='word_1_229' title='bbox 660 1368 794 1415; x_wconf 75' lang='lat' dir='ltr'>quidem</span> <span class='ocrx_word' id='word_1_230' title='bbox 823 1369 880 1403; x_wconf 84' lang='lat' dir='ltr'>isti</span> <span class='ocrx_word' id='word_1_231' title='bbox 906 1369 1066 1403; x_wconf 70' lang='lat' dir='ltr'>dictitant</span> <span class='ocrx_word' id='word_1_232' title='bbox 1091 1369 1260 1404; x_wconf 81' lang='lat' dir='ltr'>libertatis</span> <span class='ocrx_word' id='word_1_233' title='bbox 1286 1373 1450 1416; x_wconf 74' lang='lat' dir='ltr'>auctores,</span> <span class='ocrx_word' id='word_1_234' title='bbox 1478 1370 1678 1406; x_wconf 76' lang='lat' dir='ltr'>metanobis</span> <span class='ocrx_word' id='word_1_235' title='bbox 1699 1374 1894 1419; x_wconf 71' lang='lat' dir='ltr'>extorquere</span> 
     </span>
     <span class='ocr_line' id='line_1_20' title="bbox 231 1426 1892 1476; baseline 0.002 -15"><span class='ocrx_word' id='word_1_236' title='bbox 231 1429 411 1462; x_wconf 72' lang='lat' dir='ltr'>conantur.</span> <span class='ocrx_word' id='word_1_237' title='bbox 452 1426 517 1461; x_wconf 83' lang='lat' dir='ltr'>Sed</span> <span class='ocrx_word' id='word_1_238' title='bbox 557 1426 689 1461; x_wconf 86' lang='lat' dir='ltr'>Matius</span> <span class='ocrx_word' id='word_1_239' title='bbox 724 1438 794 1461; x_wconf 88' lang='lat' dir='ltr'>non</span> <span class='ocrx_word' id='word_1_240' title='bbox 835 1427 982 1462; x_wconf 82' lang='lat' dir='ltr'>vocabat</span> <span class='ocrx_word' id='word_1_241' title='bbox 1008 1439 1064 1462; x_wconf 91' lang='lat' dir='ltr'>eos</span> <span class='ocrx_word' id='word_1_242' title='bbox 1091 1427 1249 1462; x_wconf 87' lang='lat' dir='ltr'>homines</span> <span class='ocrx_word' id='word_1_243' title='bbox 1275 1427 1447 1462; x_wconf 86' lang='lat' dir='ltr'>libertatis</span> <span class='ocrx_word' id='word_1_244' title='bbox 1476 1431 1643 1475; x_wconf 88' lang='lat' dir='ltr'>auctores,</span> <span class='ocrx_word' id='word_1_245' title='bbox 1671 1428 1738 1476; x_wconf 88' lang='lat' dir='ltr'>ipsi</span> <span class='ocrx_word' id='word_1_246' title='bbox 1765 1441 1801 1464; x_wconf 90' lang='lat' dir='ltr'>se</span> <span class='ocrx_word' id='word_1_247' title='bbox 1826 1429 1892 1464; x_wconf 89' lang='grc' dir='ltr'>11οο</span> 
     </span>
     <span class='ocr_line' id='line_1_21' title="bbox 232 1485 1891 1533; baseline 0.002 -15"><span class='ocrx_word' id='word_1_248' title='bbox 232 1485 373 1519; x_wconf 90' lang='lat' dir='ltr'>nomine</span> <span class='ocrx_word' id='word_1_249' title='bbox 400 1496 522 1519; x_wconf 85' lang='lat' dir='ltr'>ornare</span> <span class='ocrx_word' id='word_1_250' title='bbox 550 1485 718 1520; x_wconf 86' lang='lat' dir='ltr'>solebant.</span> <span class='ocrx_word' id='word_1_251' title='bbox 751 1485 876 1532; x_wconf 87' lang='lat' dir='ltr'>Itaque</span> <span class='ocrx_word' id='word_1_252' title='bbox 903 1497 973 1520; x_wconf 86' lang='lat' dir='ltr'>uno</span> <span class='ocrx_word' id='word_1_253' title='bbox 1000 1486 1171 1521; x_wconf 79' lang='lat' dir='ltr'>vocabulo</span> <span class='ocrx_word' id='word_1_254' title='bbox 1198 1486 1352 1532; x_wconf 89' lang='lat' dir='ltr'>traiecto,</span> <span class='ocrx_word' id='word_1_255' title='bbox 1378 1486 1487 1521; x_wconf 87' lang='lat' dir='ltr'>altero</span> <span class='ocrx_word' id='word_1_256' title='bbox 1513 1486 1641 1533; x_wconf 89' lang='lat' dir='ltr'>addito,</span> <span class='ocrx_word' id='word_1_257' title='bbox 1670 1487 1891 1522; x_wconf 88' lang='lat' dir='ltr'>scribendum</span> 
     </span>
     <span class='ocr_line' id='line_1_22' title="bbox 229 1545 1892 1592; baseline 0.002 -14"><span class='ocrx_word' id='word_1_258' title='bbox 229 1555 368 1579; x_wconf 86' lang='lat' dir='ltr'>censeo:</span> <span class='ocrx_word' id='word_1_259' title='bbox 395 1556 479 1591; x_wconf 78' lang='lat' dir='ltr'>qaae</span> <span class='ocrx_word' id='word_1_260' title='bbox 504 1556 595 1579; x_wconf 72' lang='lat' dir='ltr'>nimie</span> <span class='ocrx_word' id='word_1_261' title='bbox 624 1545 691 1590; x_wconf 79' lang='lat' dir='ltr'>isti,</span> <span class='ocrx_word' id='word_1_262' title='bbox 719 1547 756 1579; x_wconf 79' lang='lat' dir='ltr'>at</span> <span class='ocrx_word' id='word_1_263' title='bbox 782 1556 816 1579; x_wconf 83' lang='lat' dir='ltr'>se</span> <span class='ocrx_word' id='word_1_264' title='bbox 840 1545 976 1592; x_wconf 70' lang='lat' dir='ltr'>quidem</span> <span class='ocrx_word' id='word_1_265' title='bbox 1002 1545 1172 1592; x_wconf 72' lang='lat' dir='ltr'>dictitant,</span> <span class='ocrx_word' id='word_1_266' title='bbox 1200 1545 1369 1581; x_wconf 71' lang='lat' dir='ltr'>libertatis</span> <span class='ocrx_word' id='word_1_267' title='bbox 1393 1548 1547 1580; x_wconf 72' lang='lat' dir='ltr'>auctores</span> <span class='ocrx_word' id='word_1_268' title='bbox 1568 1549 1656 1580; x_wconf 80' lang='lat' dir='ltr'>meta</span> <span class='ocrx_word' id='word_1_269' title='bbox 1673 1545 1769 1581; x_wconf 72' lang='lat' dir='ltr'>nobis</span> <span class='ocrx_word' id='word_1_270' title='bbox 1781 1549 1892 1582; x_wconf 79' lang='lat' dir='ltr'>extor-</span> 
     </span>
     <span class='ocr_line' id='line_1_23' title="bbox 230 1603 1890 1651; baseline 0.002 -14"><span class='ocrx_word' id='word_1_271' title='bbox 230 1614 331 1650; x_wconf 80' lang='lat' dir='ltr'>quere</span> <span class='ocrx_word' id='word_1_272' title='bbox 356 1605 535 1638; x_wconf 74' lang='lat' dir='ltr'>conantur.</span> <span class='ocrx_word' id='word_1_273' title='bbox 562 1603 607 1638; x_wconf 91' lang='lat' dir='ltr'>In</span> <span class='ocrx_word' id='word_1_274' title='bbox 633 1603 651 1649; x_wconf 66' lang='grc' dir='ltr'>ξ</span> <span class='ocrx_word' id='word_1_275' title='bbox 679 1604 699 1638; x_wconf 88' lang='grc'>5</span> <span class='ocrx_word' id='word_1_276' title='bbox 727 1603 789 1638; x_wconf 78' lang='lat' dir='ltr'>vix</span> <span class='ocrx_word' id='word_1_277' title='bbox 816 1603 937 1638; x_wconf 90' lang='lat' dir='ltr'>dubito</span> <span class='ocrx_word' id='word_1_278' title='bbox 965 1604 1050 1650; x_wconf 90' lang='lat' dir='ltr'>quin</span> <span class='ocrx_word' id='word_1_279' title='bbox 1076 1615 1146 1638; x_wconf 80' lang='lat' dir='ltr'>vox</span> <span class='ocrx_word' id='word_1_280' title='bbox 1173 1604 1300 1639; x_wconf 89' lang='lat' dir='ltr'>omissa</span> <span class='ocrx_word' id='word_1_281' title='bbox 1327 1603 1373 1639; x_wconf 87' lang='lat' dir='ltr'>sit</span> <span class='ocrx_word' id='word_1_282' title='bbox 1399 1603 1437 1638; x_wconf 89' lang='grc'>111</span> <span class='ocrx_word' id='word_1_283' title='bbox 1463 1604 1598 1639; x_wconf 84' lang='lat' dir='ltr'>verbis:</span> <span class='ocrx_word' id='word_1_284' title='bbox 1643 1604 1726 1640; x_wconf 78' lang='lat' dir='ltr'>Non</span> <span class='ocrx_word' id='word_1_285' title='bbox 1757 1605 1890 1651; x_wconf 81' lang='lat' dir='ltr'>faciam</span> 
     </span>
     <span class='ocr_line' id='line_1_24' title="bbox 229 1660 1887 1710; baseline 0.001 -14"><span class='ocrx_word' id='word_1_286' title='bbox 229 1672 343 1708; x_wconf 73' lang='lat' dir='ltr'>neque,</span> <span class='ocrx_word' id='word_1_287' title='bbox 375 1660 463 1708; x_wconf 83' lang='lat' dir='ltr'>qaod</span> <span class='ocrx_word' id='word_1_288' title='bbox 499 1660 688 1708; x_wconf 67' lang='lat' dir='ltr'>displiceat,</span> <span class='ocrx_word' id='word_1_289' title='bbox 729 1661 946 1696; x_wconf 81' lang='lat' dir='ltr'>committam.</span> <span class='ocrx_word' id='word_1_290' title='bbox 998 1661 1091 1696; x_wconf 85' lang='lat' dir='ltr'>Nam</span> <span class='ocrx_word' id='word_1_291' title='bbox 1133 1661 1265 1697; x_wconf 89' lang='lat' dir='ltr'>Matius</span> <span class='ocrx_word' id='word_1_292' title='bbox 1292 1673 1364 1696; x_wconf 89' lang='lat' dir='ltr'>non</span> <span class='ocrx_word' id='word_1_293' title='bbox 1390 1664 1526 1709; x_wconf 84' lang='lat' dir='ltr'>poterat</span> <span class='ocrx_word' id='word_1_294' title='bbox 1552 1662 1714 1697; x_wconf 87' lang='lat' dir='ltr'>omnibus</span> <span class='ocrx_word' id='word_1_295' title='bbox 1740 1663 1887 1710; x_wconf 88' lang='lat' dir='ltr'>placere,</span> 
     </span>
     <span class='ocr_line' id='line_1_25' title="bbox 230 1719 1886 1768; baseline 0.002 -14"><span class='ocrx_word' id='word_1_296' title='bbox 230 1720 393 1755; x_wconf 89' lang='lat' dir='ltr'>omnibus</span> <span class='ocrx_word' id='word_1_297' title='bbox 420 1731 456 1755; x_wconf 91' lang='lat' dir='ltr'>se</span> <span class='ocrx_word' id='word_1_298' title='bbox 482 1720 638 1767; x_wconf 88' lang='lat' dir='ltr'>probare,</span> <span class='ocrx_word' id='word_1_299' title='bbox 667 1731 779 1766; x_wconf 84' lang='lat' dir='ltr'>neque</span> <span class='ocrx_word' id='word_1_300' title='bbox 804 1719 954 1755; x_wconf 87' lang='lat' dir='ltr'>volebat.</span> <span class='ocrx_word' id='word_1_301' title='bbox 982 1720 1075 1766; x_wconf 82' lang='lat' dir='ltr'>Ergo</span> <span class='ocrx_word' id='word_1_302' title='bbox 1102 1720 1133 1755; x_wconf 90' lang='lat' dir='ltr'>ei</span> <span class='ocrx_word' id='word_1_303' title='bbox 1160 1720 1346 1756; x_wconf 89' lang='lat' dir='ltr'>dicendum</span> <span class='ocrx_word' id='word_1_304' title='bbox 1373 1723 1457 1767; x_wconf 86' lang='lat' dir='ltr'>erat,</span> <span class='ocrx_word' id='word_1_305' title='bbox 1486 1720 1543 1755; x_wconf 90' lang='lat' dir='ltr'>cui</span> <span class='ocrx_word' id='word_1_306' title='bbox 1570 1720 1752 1768; x_wconf 86' lang='lat' dir='ltr'>displicere</span> <span class='ocrx_word' id='word_1_307' title='bbox 1767 1721 1886 1758; x_wconf 90' lang='lat' dir='ltr'>nollet.</span> 
     </span>
     <span class='ocr_line' id='line_1_26' title="bbox 229 1777 999 1825; baseline 0.001 -13"><span class='ocrx_word' id='word_1_308' title='bbox 229 1777 392 1813; x_wconf 84' lang='lat' dir='ltr'>Fortasse</span> <span class='ocrx_word' id='word_1_309' title='bbox 418 1778 575 1824; x_wconf 83' lang='lat' dir='ltr'>scripsit:</span> <span class='ocrx_word' id='word_1_310' title='bbox 605 1778 694 1825; x_wconf 83' lang='lat' dir='ltr'>qaod</span> <span class='ocrx_word' id='word_1_311' title='bbox 719 1777 783 1812; x_wconf 75' lang='lat' dir='ltr'>tibi</span> <span class='ocrx_word' id='word_1_312' title='bbox 809 1777 999 1825; x_wconf 73' lang='lat' dir='ltr'>displiceat.</span> 
     </span>
    </p>

    <p class='ocr_par' dir='ltr' id='par_1_4' title="bbox 227 1835 1888 2105">
     <span class='ocr_line' id='line_1_27' title="bbox 278 1835 1886 1882; baseline 0.001 -12"><span class='ocrx_word' id='word_1_313' title='bbox 278 1835 367 1870; x_wconf 86' lang='lat' dir='ltr'>XII.</span> <span class='ocrx_word' id='word_1_314' title='bbox 397 1836 428 1882; x_wconf 91' lang='lat' dir='ltr'>l,</span> <span class='ocrx_word' id='word_1_315' title='bbox 458 1836 490 1871; x_wconf 79' lang='lat'>2.</span> <span class='ocrx_word' id='word_1_316' title='bbox 529 1835 643 1870; x_wconf 76' lang='lat' dir='ltr'>Habet</span> <span class='ocrx_word' id='word_1_317' title='bbox 672 1836 732 1870; x_wconf 87' lang='lat' dir='ltr'>illa</span> <span class='ocrx_word' id='word_1_318' title='bbox 760 1836 821 1881; x_wconf 86' lang='lat' dir='ltr'>(sc.</span> <span class='ocrx_word' id='word_1_319' title='bbox 849 1836 953 1882; x_wconf 90' lang='lat' dir='ltr'>resp.)</span> <span class='ocrx_word' id='word_1_320' title='bbox 980 1835 1114 1882; x_wconf 78' lang='lat' dir='ltr'>quidem</span> <span class='ocrx_word' id='word_1_321' title='bbox 1142 1838 1276 1870; x_wconf 75' lang='lat' dir='ltr'>tantum</span> <span class='ocrx_word' id='word_1_322' title='bbox 1302 1857 1350 1860; x_wconf 97' lang='lat'><strong>—</strong></span> <span class='ocrx_word' id='word_1_323' title='bbox 1378 1835 1436 1870; x_wconf 87' lang='lat' dir='ltr'>sed</span> <span class='ocrx_word' id='word_1_324' title='bbox 1462 1839 1615 1871; x_wconf 75' lang='lat' dir='ltr'>contenta</span> <span class='ocrx_word' id='word_1_325' title='bbox 1642 1848 1708 1871; x_wconf 68' lang='lat' dir='ltr'>non</span> <span class='ocrx_word' id='word_1_326' title='bbox 1735 1840 1824 1872; x_wconf 81' lang='lat' dir='ltr'>estet</span> <span class='ocrx_word' id='word_1_327' title='bbox 1840 1859 1886 1864; x_wconf 72' lang='lat'>—-</span> 
     </span>
     <span class='ocr_line' id='line_1_28' title="bbox 228 1893 1888 1942; baseline 0.002 -14"><span class='ocrx_word' id='word_1_328' title='bbox 228 1906 251 1929; x_wconf 94' lang='lat' dir='ltr'>a</span> <span class='ocrx_word' id='word_1_329' title='bbox 277 1893 371 1929; x_wconf 81' lang='lat' dir='ltr'>cobis</span> <span class='ocrx_word' id='word_1_330' title='bbox 404 1906 531 1941; x_wconf 72' lang='lat' dir='ltr'>magma</span> <span class='ocrx_word' id='word_1_331' title='bbox 564 1894 746 1929; x_wconf 75' lang='lat' dir='ltr'>desiderat.</span> <span class='ocrx_word' id='word_1_332' title='bbox 786 1894 972 1941; x_wconf 89' lang='lat' dir='ltr'>Perperam</span> <span class='ocrx_word' id='word_1_333' title='bbox 999 1893 1130 1940; x_wconf 78' lang='lat' dir='ltr'>Kleyn.</span> <span class='ocrx_word' id='word_1_334' title='bbox 1158 1893 1199 1928; x_wconf 91' lang='lat' dir='ltr'>de</span> <span class='ocrx_word' id='word_1_335' title='bbox 1225 1894 1359 1930; x_wconf 88' lang='lat' dir='ltr'>emend.</span> <span class='ocrx_word' id='word_1_336' title='bbox 1390 1894 1462 1930; x_wconf 76' lang='lat' dir='ltr'>Cio.</span> <span class='ocrx_word' id='word_1_337' title='bbox 1490 1907 1566 1942; x_wconf 89' lang='lat' dir='ltr'>epp.</span> <span class='ocrx_word' id='word_1_338' title='bbox 1595 1908 1627 1942; x_wconf 89' lang='lat' dir='ltr'>p.</span> <span class='ocrx_word' id='word_1_339' title='bbox 1656 1897 1702 1931; x_wconf 85' lang='lat'>47</span> <span class='ocrx_word' id='word_1_340' title='bbox 1730 1896 1842 1932; x_wconf 79' lang='lat' dir='ltr'>adhue</span> <span class='ocrx_word' id='word_1_341' title='bbox 1867 1909 1888 1932; x_wconf 86' lang='lat' dir='ltr'>a</span> 
     </span>
     <span class='ocr_line' id='line_1_29' title="bbox 228 1951 1886 2000; baseline 0.002 -13"><span class='ocrx_word' id='word_1_342' title='bbox 228 1952 400 2000; x_wconf 89' lang='lat' dir='ltr'>principio</span> <span class='ocrx_word' id='word_1_343' title='bbox 427 1952 602 1999; x_wconf 90' lang='lat' dir='ltr'>sequentis</span> <span class='ocrx_word' id='word_1_344' title='bbox 629 1952 822 1987; x_wconf 89' lang='lat' dir='ltr'>sententiae</span> <span class='ocrx_word' id='word_1_345' title='bbox 848 1952 916 1986; x_wconf 88' lang='grc'>11110</span> <span class='ocrx_word' id='word_1_346' title='bbox 943 1951 1073 1998; x_wconf 87' lang='lat' dir='ltr'>retulit,</span> <span class='ocrx_word' id='word_1_347' title='bbox 1103 1951 1325 1999; x_wconf 86' lang='lat' dir='ltr'>scripsitque:</span> <span class='ocrx_word' id='word_1_348' title='bbox 1353 1952 1524 1987; x_wconf 83' lang='lat' dir='ltr'>desiderat</span> <span class='ocrx_word' id='word_1_349' title='bbox 1550 1952 1670 1989; x_wconf 73' lang='lat' dir='ltr'>adhuc.</span> <span class='ocrx_word' id='word_1_350' title='bbox 1714 1954 1796 1989; x_wconf 86' lang='lat' dir='ltr'>Ulta</span> <span class='ocrx_word' id='word_1_351' title='bbox 1822 1958 1886 1992; x_wconf 89' lang='lat' dir='ltr'>cet.</span> 
     </span>
     <span class='ocr_line' id='line_1_30' title="bbox 227 2009 1888 2060; baseline 0.001 -14"><span class='ocrx_word' id='word_1_352' title='bbox 227 2010 350 2047; x_wconf 86' lang='lat' dir='ltr'>Cicero</span> <span class='ocrx_word' id='word_1_353' title='bbox 377 2023 558 2057; x_wconf 87' lang='lat' dir='ltr'>nunquam</span> <span class='ocrx_word' id='word_1_354' title='bbox 585 2011 697 2045; x_wconf 74' lang='lat' dir='ltr'>adhuc</span> <span class='ocrx_word' id='word_1_355' title='bbox 723 2010 847 2045; x_wconf 89' lang='lat' dir='ltr'>ultimo</span> <span class='ocrx_word' id='word_1_356' title='bbox 873 2010 947 2044; x_wconf 91' lang='lat' dir='ltr'>loco</span> <span class='ocrx_word' id='word_1_357' title='bbox 973 2010 1101 2057; x_wconf 84' lang='lat' dir='ltr'>posuit.</span> <span class='ocrx_word' id='word_1_358' title='bbox 1143 2009 1209 2045; x_wconf 83' lang='lat' dir='ltr'>Sed</span> <span class='ocrx_word' id='word_1_359' title='bbox 1247 2010 1421 2045; x_wconf 86' lang='lat' dir='ltr'>sententia</span> <span class='ocrx_word' id='word_1_360' title='bbox 1446 2011 1582 2057; x_wconf 83' lang='lat' dir='ltr'>flagitat</span> <span class='ocrx_word' id='word_1_361' title='bbox 1608 2014 1647 2046; x_wconf 92' lang='lat' dir='ltr'>ut</span> <span class='ocrx_word' id='word_1_362' title='bbox 1673 2024 1734 2059; x_wconf 86' lang='lat' dir='ltr'>pro</span> <span class='ocrx_word' id='word_1_363' title='bbox 1761 2025 1888 2060; x_wconf 67' lang='lat' dir='ltr'>magma</span> 
     </span>
     <span class='ocr_line' id='line_1_31' title="bbox 228 2068 970 2105; baseline -0.003 0"><span class='ocrx_word' id='word_1_364' title='bbox 228 2069 401 2105; x_wconf 82' lang='lat' dir='ltr'>desiderat</span> <span class='ocrx_word' id='word_1_365' title='bbox 427 2069 600 2105; x_wconf 86' lang='lat' dir='ltr'>scribatur</span> <span class='ocrx_word' id='word_1_366' title='bbox 626 2070 763 2104; x_wconf 82' lang='lat' dir='ltr'>maiora</span> <span class='ocrx_word' id='word_1_367' title='bbox 788 2068 970 2103; x_wconf 84' lang='lat' dir='ltr'>desiderat.</span> 
     </span>
    </p>

    <p class='ocr_par' dir='ltr' id='par_1_5' title="bbox 227 2126 1890 2397">
     <span class='ocr_line' id='line_1_32' title="bbox 279 2126 1890 2175; baseline 0.001 -12"><span class='ocrx_word' id='word_1_368' title='bbox 279 2128 368 2164; x_wconf 94' lang='lat' dir='ltr'>XII.</span> <span class='ocrx_word' id='word_1_369' title='bbox 411 2129 467 2174; x_wconf 89' lang='lat'>10,</span> <span class='ocrx_word' id='word_1_370' title='bbox 508 2130 541 2163; x_wconf 87' lang='lat'>4.</span> <span class='ocrx_word' id='word_1_371' title='bbox 583 2127 681 2172; x_wconf 71' lang='lat' dir='ltr'>Quod</span> <span class='ocrx_word' id='word_1_372' title='bbox 718 2128 759 2174; x_wconf 81' lang='lat' dir='ltr'>si,</span> <span class='ocrx_word' id='word_1_373' title='bbox 790 2130 824 2161; x_wconf 76' lang='lat' dir='ltr'>nt</span> <span class='ocrx_word' id='word_1_374' title='bbox 850 2139 959 2174; x_wconf 82' lang='lat' dir='ltr'>spero,</span> <span class='ocrx_word' id='word_1_375' title='bbox 988 2127 1087 2162; x_wconf 74' lang='lat' dir='ltr'>victis</span> <span class='ocrx_word' id='word_1_376' title='bbox 1113 2126 1264 2162; x_wconf 75' lang='lat' dir='ltr'>hostibus</span> <span class='ocrx_word' id='word_1_377' title='bbox 1290 2128 1419 2163; x_wconf 77' lang='lat' dir='ltr'>nostris</span> <span class='ocrx_word' id='word_1_378' title='bbox 1440 2128 1612 2175; x_wconf 76' lang='lat' dir='ltr'>veneritis,</span> <span class='ocrx_word' id='word_1_379' title='bbox 1640 2132 1751 2164; x_wconf 80' lang='lat' dir='ltr'>tamen</span> <span class='ocrx_word' id='word_1_380' title='bbox 1776 2133 1890 2166; x_wconf 78' lang='lat' dir='ltr'>aucto-</span> 
     </span>
     <span class='ocr_line' id='line_1_33' title="bbox 229 2185 1889 2233; baseline 0.001 -12"><span class='ocrx_word' id='word_1_381' title='bbox 229 2186 333 2221; x_wconf 81' lang='lat' dir='ltr'>ritate</span> <span class='ocrx_word' id='word_1_382' title='bbox 371 2190 483 2221; x_wconf 73' lang='lat' dir='ltr'>vestra</span> <span class='ocrx_word' id='word_1_383' title='bbox 522 2198 575 2221; x_wconf 82' lang='lat' dir='ltr'>res</span> <span class='ocrx_word' id='word_1_384' title='bbox 607 2186 750 2233; x_wconf 72' lang='lat' dir='ltr'>publica</span> <span class='ocrx_word' id='word_1_385' title='bbox 789 2188 954 2232; x_wconf 64' lang='lat' dir='ltr'>exsmyet.</span> <span class='ocrx_word' id='word_1_386' title='bbox 994 2185 1181 2220; x_wconf 87' lang='lat' dir='ltr'>Neminem</span> <span class='ocrx_word' id='word_1_387' title='bbox 1220 2185 1306 2220; x_wconf 89' lang='lat' dir='ltr'>haec</span> <span class='ocrx_word' id='word_1_388' title='bbox 1332 2186 1439 2221; x_wconf 87' lang='lat' dir='ltr'>verba</span> <span class='ocrx_word' id='word_1_389' title='bbox 1464 2190 1692 2233; x_wconf 87' lang='lat' dir='ltr'>morarentur,</span> <span class='ocrx_word' id='word_1_390' title='bbox 1721 2187 1750 2222; x_wconf 88' lang='lat' dir='ltr'>si</span> <span class='ocrx_word' id='word_1_391' title='bbox 1777 2191 1889 2223; x_wconf 78' lang='lat' dir='ltr'>tamen</span> 
     </span>
     <span class='ocr_line' id='line_1_34' title="bbox 229 2243 1889 2292; baseline 0.001 -13"><span class='ocrx_word' id='word_1_392' title='bbox 229 2244 375 2280; x_wconf 88' lang='lat' dir='ltr'>abesset.</span> <span class='ocrx_word' id='word_1_393' title='bbox 415 2244 532 2288; x_wconf 83' lang='lat' dir='ltr'>Quum</span> <span class='ocrx_word' id='word_1_394' title='bbox 570 2244 672 2289; x_wconf 88' lang='lat' dir='ltr'>adsit,</span> <span class='ocrx_word' id='word_1_395' title='bbox 706 2246 768 2278; x_wconf 85' lang='lat' dir='ltr'>aut</span> <span class='ocrx_word' id='word_1_396' title='bbox 803 2247 879 2290; x_wconf 87' lang='lat' dir='ltr'>post</span> <span class='ocrx_word' id='word_1_397' title='bbox 905 2243 1066 2278; x_wconf 71' lang='lat' dir='ltr'>veneritis</span> <span class='ocrx_word' id='word_1_398' title='bbox 1091 2243 1225 2290; x_wconf 87' lang='lat' dir='ltr'>aliquid</span> <span class='ocrx_word' id='word_1_399' title='bbox 1252 2243 1470 2280; x_wconf 87' lang='lat' dir='ltr'>intercidisse</span> <span class='ocrx_word' id='word_1_400' title='bbox 1496 2244 1644 2291; x_wconf 75' lang='lat' dir='ltr'>videtur,</span> <span class='ocrx_word' id='word_1_401' title='bbox 1674 2245 1770 2280; x_wconf 82' lang='lat' dir='ltr'>velut</span> <span class='ocrx_word' id='word_1_402' title='bbox 1797 2245 1889 2292; x_wconf 89' lang='lat' dir='ltr'>quod</span> 
     </span>
     <span class='ocr_line' id='line_1_35' title="bbox 227 2301 1889 2350; baseline 0.001 -14"><span class='ocrx_word' id='word_1_403' title='bbox 227 2306 369 2350; x_wconf 85' lang='lat' dir='ltr'>propter</span> <span class='ocrx_word' id='word_1_404' title='bbox 393 2302 588 2337; x_wconf 83' lang='lat' dir='ltr'>litterarum</span> <span class='ocrx_word' id='word_1_405' title='bbox 616 2301 881 2337; x_wconf 84' lang='lat' dir='ltr'>similitudinem</span> <span class='ocrx_word' id='word_1_406' title='bbox 908 2301 1008 2337; x_wconf 84' lang='lat' dir='ltr'>facile</span> <span class='ocrx_word' id='word_1_407' title='bbox 1035 2301 1148 2336; x_wconf 86' lang='lat' dir='ltr'>omitti</span> <span class='ocrx_word' id='word_1_408' title='bbox 1175 2302 1289 2350; x_wconf 84' lang='lat' dir='ltr'>potuit</span> <span class='ocrx_word' id='word_1_409' title='bbox 1304 2301 1382 2337; x_wconf 76' lang='lat' dir='ltr'>bene</span> <span class='ocrx_word' id='word_1_410' title='bbox 1395 2303 1552 2347; x_wconf 76' lang='lat' dir='ltr'>erit,·sin</span> <span class='ocrx_word' id='word_1_411' title='bbox 1567 2325 1613 2328; x_wconf 91' lang='lat'>—</span> <span class='ocrx_word' id='word_1_412' title='bbox 1628 2306 1689 2338; x_wconf 88' lang='lat' dir='ltr'>aut</span> <span class='ocrx_word' id='word_1_413' title='bbox 1702 2315 1763 2350; x_wconf 90' lang='lat' dir='ltr'>pro</span> <span class='ocrx_word' id='word_1_414' title='bbox 1777 2307 1889 2338; x_wconf 72' lang='lat' dir='ltr'>tamen</span> 
     </span>
     <span class='ocr_line' id='line_1_36' title="bbox 229 2360 703 2397; baseline -0.002 0"><span class='ocrx_word' id='word_1_415' title='bbox 229 2360 452 2397; x_wconf 85' lang='lat' dir='ltr'>scribendum</span> <span class='ocrx_word' id='word_1_416' title='bbox 478 2364 530 2395; x_wconf 92' lang='lat' dir='ltr'>est</span> <span class='ocrx_word' id='word_1_417' title='bbox 556 2360 703 2396; x_wconf 78' lang='lat' dir='ltr'>tandem.</span> 
     </span>
    </p>

    <p class='ocr_par' dir='ltr' id='par_1_6' title="bbox 222 2418 1894 2584">
     <span class='ocr_line' id='line_1_37' title="bbox 277 2418 1891 2467; baseline 0.001 -13"><span class='ocrx_word' id='word_1_418' title='bbox 277 2419 366 2454; x_wconf 88' lang='lat' dir='ltr'>XII.</span> <span class='ocrx_word' id='word_1_419' title='bbox 398 2420 453 2465; x_wconf 80' lang='lat'>13,</span> <span class='ocrx_word' id='word_1_420' title='bbox 485 2420 500 2453; x_wconf 85' lang='lat'>1</span> <span class='ocrx_word' id='word_1_421' title='bbox 532 2422 619 2454; x_wconf 85' lang='lat' dir='ltr'>extr.</span> <span class='ocrx_word' id='word_1_422' title='bbox 659 2419 700 2454; x_wconf 93' lang='lat' dir='ltr'>L.</span> <span class='ocrx_word' id='word_1_423' title='bbox 729 2418 871 2454; x_wconf 86' lang='lat' dir='ltr'>Cassius</span> <span class='ocrx_word' id='word_1_424' title='bbox 897 2418 1097 2453; x_wconf 84' lang='lat' dir='ltr'>adolescens</span> <span class='ocrx_word' id='word_1_425' title='bbox 1124 2419 1302 2466; x_wconf 89' lang='lat' dir='ltr'>scripsisse</span> <span class='ocrx_word' id='word_1_426' title='bbox 1328 2422 1487 2466; x_wconf 89' lang='lat' dir='ltr'>putatur:</span> <span class='ocrx_word' id='word_1_427' title='bbox 1516 2431 1629 2467; x_wconf 79' lang='lat' dir='ltr'>meque</span> <span class='ocrx_word' id='word_1_428' title='bbox 1654 2419 1701 2455; x_wconf 89' lang='lat' dir='ltr'>ad</span> <span class='ocrx_word' id='word_1_429' title='bbox 1727 2420 1891 2467; x_wconf 83' lang='lat' dir='ltr'>optimam</span> 
     </span>
     <span class='ocr_line' id='line_1_38' title="bbox 223 2476 1893 2526; baseline 0 -13"><span class='ocrx_word' id='word_1_430' title='bbox 223 2489 320 2526; x_wconf 69' lang='lat' dir='ltr'>spem</span> <span class='ocrx_word' id='word_1_431' title='bbox 350 2479 493 2526; x_wconf 83' lang='lat' dir='ltr'>patriae</span> <span class='ocrx_word' id='word_1_432' title='bbox 532 2489 599 2512; x_wconf 72' lang='grc' dir='ltr'>11οη</span> <span class='ocrx_word' id='word_1_433' title='bbox 638 2477 820 2511; x_wconf 75' lang='lat' dir='ltr'>minimum</span> <span class='ocrx_word' id='word_1_434' title='bbox 855 2476 918 2511; x_wconf 80' lang='lat' dir='ltr'>tibi</span> <span class='ocrx_word' id='word_1_435' title='bbox 954 2477 1023 2523; x_wconf 81' lang='lat' dir='ltr'>ipsi</span> <span class='ocrx_word' id='word_1_436' title='bbox 1051 2476 1313 2524; x_wconf 78' lang='lat' dir='ltr'>producendam</span> <span class='ocrx_word' id='word_1_437' title='bbox 1332 2480 1445 2524; x_wconf 74' lang='lat' dir='ltr'>pates.</span> <span class='ocrx_word' id='word_1_438' title='bbox 1485 2477 1514 2513; x_wconf 91' lang='lat' dir='ltr'>I.</span> <span class='ocrx_word' id='word_1_439' title='bbox 1542 2477 1600 2513; x_wconf 91' lang='lat' dir='ltr'>Fr.</span> <span class='ocrx_word' id='word_1_440' title='bbox 1628 2478 1827 2513; x_wconf 81' lang='lat' dir='ltr'>Gronovius</span> <span class='ocrx_word' id='word_1_441' title='bbox 1853 2479 1893 2514; x_wconf 86' lang='lat' dir='ltr'>in</span> 
     </span>
     <span class='ocr_line' id='line_1_39' title="bbox 222 2534 1894 2584; baseline -0.001 -12"><span class='ocrx_word' id='word_1_442' title='bbox 222 2535 358 2572; x_wconf 57' lang='lat' dir='ltr'>scholis</span> <span class='ocrx_word' id='word_1_443' title='bbox 393 2549 413 2571; x_wconf 90' lang='lat' dir='ltr'>a</span> <span class='ocrx_word' id='word_1_444' title='bbox 452 2535 603 2571; x_wconf 82' lang='lat' dir='ltr'>Graevio</span> <span class='ocrx_word' id='word_1_445' title='bbox 630 2535 731 2570; x_wconf 87' lang='lat' dir='ltr'>editis</span> <span class='ocrx_word' id='word_1_446' title='bbox 757 2538 835 2582; x_wconf 84' lang='lat' dir='ltr'>post</span> <span class='ocrx_word' id='word_1_447' title='bbox 862 2534 924 2570; x_wconf 85' lang='lat' dir='ltr'>has</span> <span class='ocrx_word' id='word_1_448' title='bbox 951 2534 1050 2582; x_wconf 89' lang='lat' dir='ltr'>epist.</span> <span class='ocrx_word' id='word_1_449' title='bbox 1079 2534 1146 2570; x_wconf 83' lang='lat' dir='ltr'>vol.</span> <span class='ocrx_word' id='word_1_450' title='bbox 1178 2534 1217 2569; x_wconf 91' lang='lat' dir='ltr'>II</span> <span class='ocrx_word' id='word_1_451' title='bbox 1243 2547 1276 2582; x_wconf 89' lang='lat' dir='ltr'>p.</span> <span class='ocrx_word' id='word_1_452' title='bbox 1307 2536 1378 2570; x_wconf 84' lang='lat'>304</span> <span class='ocrx_word' id='word_1_453' title='bbox 1406 2535 1491 2571; x_wconf 90' lang='lat' dir='ltr'>haec</span> <span class='ocrx_word' id='word_1_454' title='bbox 1517 2536 1623 2571; x_wconf 80' lang='lat' dir='ltr'>verba</span> <span class='ocrx_word' id='word_1_455' title='bbox 1649 2537 1698 2571; x_wconf 90' lang='lat' dir='ltr'>sic</span> <span class='ocrx_word' id='word_1_456' title='bbox 1724 2536 1894 2584; x_wconf 86' lang='lat' dir='ltr'>interpre-</span> 
     </span>
    </p>
   </div>
  </div>
 </body>
</html>
