2163 3020
282 250 330 286 32
484 262 795 292 OBSERVATIONES
818 264 992 294 CRITICAE
1014 266 1067 294 AD
1089 266 1126 295 M.
1150 267 1281 296 TULLII
1302 267 1501 297 CICERONIS
1523 268 1737 298 EPISTOLAS.

275 360 440 406 proposui
478 361 514 395 in
549 361 668 397 adnot.
707 362 750 397 ad
779 363 855 398 Att.
886 363 955 399 III.
987 365 1045 411 20,
1076 367 1107 401 1.
1161 365 1246 400 Post
1275 365 1402 400 incidit
1431 366 1491 412 ita,
1519 370 1598 414 post
1625 367 1712 402 uu'hi
1740 367 1830 402 nihil
1857 368 1947 404 male

276 416 415 453 illatum
444 419 601 454 iudicans
630 420 674 455 ab
703 421 804 456 initio
832 422 881 457 ita
908 424 1079 471 scriptum
1107 424 1213 460 fuisse
1232 425 1418 460 existimo:
1448 425 1537 460 milei
1551 426 1675 461 misero
1688 429 1832 474 praeter
1845 426 1948 473 fidem

276 475 465 510 amicorum
494 480 632 511 cautum
662 490 771 513 mcum
798 480 982 515 consilium
1008 482 1135 528 defuit.

324 532 374 568 H.
404 535 435 578 l,
467 535 497 568 l.
551 534 648 570 Haec
686 536 833 583 epistola
873 539 1030 575 continet
1069 543 1148 575 acta
1176 540 1212 574 in
1240 543 1365 575 senatu
1393 552 1463 576 uno
1489 540 1544 577 die
1571 541 1703 577 mensis
1731 541 1946 589 Decembris,

272 602 360 636 quae
400 592 447 628 M.
489 592 610 628 Cicero
649 594 760 641 fratri,
801 597 861 642 qui
903 602 985 632 tunc
1031 599 1068 633 in
1107 598 1271 634 Sardinia
1311 598 1477 647 Pompeio
1513 599 1651 646 legatus
1679 604 1764 646 erat,
1793 600 1945 636 nuntiat.

269 648 400 685 Narrat
436 657 597 688 senatum
639 665 700 701 pro
740 654 800 689 illo
836 659 989 703 tompore
1016 657 1124 692 fuisse
1151 657 1379 704 frequentem,
1408 659 1638 705 nominatque
1668 659 1860 695 nonnullos
1885 659 1947 706 qui

268 707 472 745 adfuerant:
504 711 712 747 Consulares
740 726 800 748 nos
827 713 964 759 fuimus
989 718 1017 750 et
1045 715 1112 750 (luo
1138 715 1291 750 consules
1319 715 1502 763 desiynati,
1538 716 1584 752 P.
1601 716 1787 764 Servilius,
1803 717 1855 753 M.
1870 717 1946 753 Lu-

270 770 391 815 cullas,
420 772 588 819 Lepulus,
626 774 808 809 Volcacius
835 778 874 822 1),
907 776 1065 823 Glabrio,
1086 781 1278 825 praetores.
1323 778 1359 813 Si
1388 778 1508 814 Cicero
1536 779 1587 814 ita
1613 780 1765 828 scripsit,
1793 780 1946 816 affirmat

270 841 306 864 se
341 831 559 867 consularem
596 832 702 868 fuisse
736 834 773 868 in
801 840 935 882 senatu,
976 841 1153 884 praeterea
1181 837 1340 872 consules
1365 837 1566 884 designatos
1594 838 1634 874 P.
1663 838 1864 885 Servilium,
1892 839 1943 875 M.

271 887 471 936 Lucullum,
501 896 575 926 tum
602 901 778 939 praetores
806 893 990 942 Lepidum,
1018 895 1237 943 Volcacium,
1266 896 1507 933 Glabrionem.
1534 897 1599 933 Sed
1626 897 1717 932 nihil
1738 898 1894 945 ineptius
1909 901 1945 934 et

269 960 289 983 a
327 948 473 984 veritate
514 952 680 987 remotius
707 952 776 987 dici
807 958 953 1000 poterat.
1006 954 1100 990 Nam
1127 967 1245 990 mense
1273 955 1458 990 Decembri
1485 956 1571 990 anni
1599 955 1941 998 DCLXXXXVIL

270 1018 378 1052 quum
404 1007 488 1042 haec
517 1009 664 1055 epistola
693 1011 822 1057 scripta
850 1018 913 1057 est,
941 1013 1103 1049 consules
1130 1014 1306 1060 designati
1333 1018 1433 1049 erant
1461 1014 1524 1050 Cn.
1555 1014 1740 1050 Cornelius
1770 1014 1945 1050 Lentulus

266 1065 507 1112 Marcellinus,
547 1067 587 1102 L.
622 1068 778 1103 Marcius
815 1069 1014 1117 Philippus,
1052 1071 1112 1117 qui
1139 1072 1176 1106 in
1202 1071 1269 1106 hac
1297 1071 1374 1118 ipsa
1400 1072 1548 1119 epistola
1576 1072 1760 1119 prodeunt.
1806 1072 1873 1108 Sed
1901 1072 1942 1108 P.

267 1123 437 1159 Servilius
464 1124 577 1160 fuerat
611 1127 732 1162 consul
760 1140 791 1163 a.
822 1128 1050 1176 DCLXXV5
1078 1130 1127 1166 M.
1156 1130 1328 1166 Lucullus
1355 1142 1386 1165 a.
1415 1131 1667 1177 DCLXXXI3
1697 1131 1758 1166 Μ’.
1787 1131 1945 1179 Lepidus

266 1194 297 1217 a.
328 1183 636 1221 DCLXXXVIII
664 1198 744 1221 cum
771 1187 812 1222 L.
842 1188 1021 1235 Volcacio,
1050 1189 1112 1224 Μ’.
1137 1190 1284 1225 Glabrio
1310 1202 1342 1225 a.
1370 1189 1671 1236 DCLXXXVII,
1700 1193 1739 1224 ut
1765 1190 1864 1225 Fasti
1885 1190 1944 1226 do-

268 1250 358 1276 cent.
387 1242 436 1277 Hi
465 1243 574 1289 igitur
601 1256 721 1280 omnes
748 1250 848 1280 erant
876 1247 1088 1283 consulares,
1116 1247 1287 1284 Consules
1315 1248 1489 1295 designati
1508 1261 1579 1284 non
1595 1248 1837 1295 nominantur,
1859 1260 1944 1295 quo-

266 1300 361 1335 niam
391 1301 523 1344 Quinto
551 1303 626 1338 noti
654 1308 765 1350 erant,
793 1309 969 1352 praetores
996 1319 1116 1342 omnes
1143 1307 1304 1342 adfuisse
1331 1307 1497 1342 censendi
1524 1311 1618 1342 sunt.
1647 1307 1746 1351 Quae
1769 1319 1878 1354 quum
1892 1307 1942 1344 ita

266 1360 349 1405 sint,
377 1360 499 1396 Cicero
528 1374 599 1396 non
626 1364 742 1410 potuit
770 1364 861 1399 inter
888 1377 923 1400 se
951 1371 984 1400 et
1008 1366 1164 1413 quinque
1177 1370 1310 1402 ceteros
1326 1366 1527 1402 consulares
1542 1367 1764 1414 interponere
1782 1367 1943 1403 consules

267 1418 478 1465 designatos,
508 1433 621 1467 neque
648 1422 788 1469 scripsit
814 1423 881 1458 (luo
908 1425 1060 1459 eonsules
1087 1425 1271 1472 desiymtti,
1299 1425 1400 1472 quasi
1427 1425 1545 1473 plures
1567 1425 1686 1460 eodem
1701 1429 1855 1473 tempore
1868 1438 1944 1462 esse

266 1477 475 1523 potuissent.
504 1479 549 1513 In
576 1480 724 1527 epistola
750 1481 793 1516 ad
822 1482 900 1518 Att.
929 1483 1033 1519 XIV.
1065 1484 1097 1530 9,
1128 1485 1402 1519 2memorantur
1416 1484 1558 1530 quidem
1571 1483 1638 1518 duo
1653 1484 1754 1531 quasi
1768 1483 1942 1531 desiynati

263 1536 426 1583 consules,
455 1538 513 1572 sed
541 1550 661 1574 eorum
688 1540 874 1576 verborum
901 1542 972 1577 alia
998 1543 1088 1578 ratio
1115 1547 1178 1579 est.
1206 1543 1285 1578 Hoc
1300 1547 1419 1578 autem
1433 1543 1508 1578 loco
1524 1542 1676 1578 consules
1692 1542 1870 1590 desiqnatc'
1884 1542 1940 1577 vel

262 1594 364 1629 initio
391 1596 510 1631 omissi
538 1597 593 1632 vel
621 1598 713 1633 inter
740 1611 860 1635 versus
887 1601 1056 1649 adscripti
1083 1602 1239 1637 alienum
1266 1602 1382 1637 locum
1409 1605 1644 1649 occuparunt;
1685 1602 1724 1637 in
1750 1601 1818 1636 duo
1843 1601 1940 1637 aliud

261 1651 357 1687 latet.
388 1653 437 1688 Εἴ
464 1654 501 1688 111
528 1667 580 1702 ep.
609 1656 652 1691 ad
679 1658 756 1692 Att.
787 1658 873 1693 XII.
906 1660 965 1701 21,
997 1661 1014 1694 1
1044 1661 1130 1695 etin
1144 1660 1299 1707 Philipp.
1316 1660 1366 1695 II.
1386 1661 1429 1695 12
1450 1664 1529 1707 post
1542 1660 1686 1695 nomina
1700 1659 1940 1695 consularium

262 1719 457 1756 sequuntur
483 1713 627 1748 nomina
654 1714 766 1750 Silani
794 1721 828 1751 et
856 1717 1035 1764 Murenae,
1051 1718 1314 1765 designatorum
1332 1718 1528 1765 consulum,
1558 1718 1679 1754 Cicero
1694 1718 1729 1752 h.
1747 1717 1770 1753 1.
1788 1718 1940 1753 scribere

262 1770 396 1816 potuit:
426 1772 624 1807 consulares
651 1786 711 1808 nos
738 1774 876 1820 fuimus·
902 1779 931 1810 et
959 1776 1002 1812 P.
1032 1776 1216 1823 Servilius,
1244 1777 1298 1813 M.
1326 1777 1508 1824 Lucullus,
1532 1777 1700 1824 Lepidus,
1741 1776 1938 1824 Volcacius,

267 1827 424 1874 Glabrio,
452 1829 597 1875 fuerunt
625 1833 778 1867 consules
805 1834 988 1881 (Icsiynute‘,
1010 1839 1203 1883 praetores,
1225 1836 1278 1871 vel
1293 1836 1398 1884 paulo
1419 1836 1521 1871 aliter
1535 1835 1600 1871 hoc
1613 1835 1706 1871 idem
1723 1835 1937 1871 enuntiavit.

312 1886 362 1922 II.
402 1889 431 1933 1,
470 1890 502 1924 3.
543 1889 718 1937 (Clodius)
754 1892 893 1938 furebat
920 1907 941 1929 α
968 1895 1108 1931 Racilio
1134 1908 1169 1931 se
1194 1896 1435 1931 contumaciter
1464 1894 1656 1942 urbaneque
1683 1897 1848 1930 vexat-um.
1876 1894 1936 1929 Li-

263 1944 383 1980 benter
422 1947 571 1982 concedo
610 1950 764 1995 potuisse
801 1951 963 1987 Clodium
990 1966 1011 1988 a
1046 1954 1184 1990 Racilio
1212 1954 1302 1989 salse
1328 1958 1363 1989 et
1389 1953 1502 2002 lepide
1528 1953 1551 1989 i.
1579 1965 1608 1989 e.
1636 1953 1769 1988 urbane
1796 1953 1937 1999 vexari5

262 2003 320 2038 sed
360 2004 438 2050 quis
478 2006 595 2041 credat
636 2007 810 2056 Clodium,
849 2016 887 2045 ut
922 2015 997 2046 erat
1023 2011 1187 2058 furiosus,
1217 2013 1453 2048 urbanitatem
1480 2012 1518 2046 in
1545 2024 1581 2047 se
1608 2011 1768 2046 vexando
1795 2010 1936 2046 Racilio

261 2063 499 2108 exprobrasse,
527 2069 588 2099 aut
630 2065 832 2103 Ciceronem
860 2069 893 2103 id
921 2075 1123 2106 narrantem
1149 2071 1390 2106 contumaciter
1416 2073 1446 2105 et
1472 2069 1604 2104 urbane
1630 2069 1799 2104 iunxisse.
1844 2069 1934 2105 Cum

260 2120 422 2156 Manutio
464 2122 696 2171 inurbanequc
721 2127 942 2162 scribendum
970 2121 1065 2176 puto,
1103 2130 1176 2165 sive
1203 2129 1267 2165 hoc
1294 2130 1332 2164 in
1358 2129 1448 2164 libro
1473 2128 1603 2176 scripto
1629 2128 1778 2175 invenit,
1806 2131 1846 2163 ut
1872 2127 1937 2174 ait,

260 2179 334 2214 sive
360 2180 434 2215 eius
463 2181 604 2227 ingenio
631 2183 786 2229 debetur,
817 2185 990 2234 laudoque
1019 2188 1258 2235 Wielandum,
1287 2189 1348 2236 qui
1374 2188 1481 2224 vertit
1508 2186 1713 2233 unho'fflich.

312 2238 360 2274 II.
401 2240 433 2285 3,
471 2240 504 2275 3.
544 2240 735 2289 lic-spondit
762 2245 794 2277 ρι’
823 2245 1024 2281 seleemeuter
1050 2247 1247 2295 Pompeius:
1276 2247 1393 2291 Quum
1420 2246 1507 2282 Cato
1536 2246 1740 2281 vehementer
1766 2244 1805 2279 in
1832 2244 1938 2280 Pom·

301 2394 322 2430 ¹)
344 2393 389 2421 Sic
415 2393 541 2423 hominis
570 2406 676 2424 nomen
708 2398 894 2427 scribendum
927 2409 989 2428 csse
1023 2400 1133 2429 codices
1155 2401 1254 2438 epistt.
1278 2401 1425 2430 Ciceronis
1448 2400 1568 2430 Medicei
1589 2401 1668 2429 Fam.
1691 2400 1715 2428 1.
1740 2399 1755 2428 1
1778 2401 1809 2428 et
1830 2398 1858 2427 2.
1879 2397 1931 2427 IV.

259 2441 286 2471 4.
317 2442 344 2470 4.
374 2443 456 2472 xm.
490 2444 534 2478 14,
572 2447 581 2472 l
615 2446 650 2473 ad
684 2448 746 2474 ΑΗ.
779 2447 861 2476 vm.
885 2448 912 2481 1,
935 2448 954 2475 3
986 2449 1158 2478 ostendunt.
1200 2450 1236 2478 In
1258 2450 1375 2479 Asconii
1397 2459 1474 2479 nova
1495 2450 1663 2478 recensione
1684 2447 1880 2485 Kiesslingius
1903 2449 1934 2475 et

257 2489 418 2520 Schoellius
441 2495 486 2520 ter
516 2493 686 2523 Volcacium
708 2496 864 2528 dederuut.
889 2497 979 2525 semel
1003 2497 1104 2526 relicta
1121 2498 1214 2526 altera
1225 2499 1374 2535 scriptura
1394 2498 1551 2531 Volcatius,
1562 2508 1592 2535 p.
1604 2497 1654 2526 24.
1676 2496 1778 2525 Graeci
1789 2496 1935 2525 vocabant

251 2542 407 2575 Βολκάκιω,
431 2548 467 2570 ut
488 2542 642 2580 Appianus
665 2544 740 2581 Illyr
763 2544 813 2574 27.
834 2545 870 2573 In
889 2546 956 2574 Mss.
981 2555 1066 2583 saepe
1088 2555 1194 2584 anceps
1215 2548 1260 2575 est
1283 2546 1439 2575 discrimen
1462 2546 1542 2574 inter
1563 2555 1577 2574 c
1598 2547 1629 2574 et
1649 2548 1670 2574 t.
