2163 3020
254 212 298 247 12
457 221 771 250 OBSERVATIONES
794 221 973 250 CRITICAE
996 222 1048 251 AD
1070 223 1107 252 M.
1131 223 1261 252 TULLII
1285 224 1483 254 CICERONIS
1505 226 1722 257 EPISTOLAS.

249 318 416 364 quoniam
444 318 486 354 iis
513 331 601 366 quae
628 319 735 355 alicui
763 331 843 355 cum
870 320 950 356 aliis
977 325 1062 357 sunt
1076 324 1271 358 communia
1287 327 1379 359 recte
1393 328 1629 373 opponuntur,
1649 339 1738 374 quae
1752 328 1827 363 eius
1841 332 1925 364 sunt

246 378 451 424 praecipua.
481 377 533 413 Cf.
563 378 640 414 Att.
668 377 736 413 XI.
768 380 824 425 14,
856 380 887 414 1.
917 379 1015 416 Fam.
1045 379 1110 415 IV.
1131 381 1188 428 15,
1210 383 1242 418 2.
1270 381 1356 417 Post
1377 383 1546 431 virtutem,
1563 396 1652 431 quae
1665 389 1740 421 erat
1755 386 1926 422 Caecinae

249 447 327 470 cum
354 435 434 471 aliis
462 436 669 482 communis,
699 449 770 472 non
798 449 898 485 posse
926 438 1053 474 iterum
1080 439 1257 475 nominari
1287 441 1444 476 virtutem
1474 441 1567 477 inter
1593 455 1644 490 ea,
1673 456 1761 491 quae
1778 444 1809 479 ei
1824 449 1925 481 erant

246 494 442 541 praecipua,
471 494 589 542 plures
618 495 886 532 intellexerunt.
917 497 1106 533 Schutzius
1134 499 1275 547 scripsit
1302 499 1542 548 eloquentiam,
1571 501 1661 548 quod
1691 514 1828 538 summa
1855 503 1924 538 elo-

247 553 390 599 quentia
431 553 468 588 in
504 553 654 589 Caecina
695 554 861 591 laudatur
900 556 937 591 iu
978 568 1030 604 ep.
1070 557 1103 604 9,
1135 558 1165 593 1.
1206 558 1325 604 Atque
1352 569 1459 605 quum
1487 559 1687 607 eloquentia
1715 565 1806 597 esset
1832 561 1922 597 illud

246 612 361 660 ipsum
389 613 520 648 bonum
549 613 730 661 Caecinae,
759 627 827 662 quo
854 615 1095 651 delectabatur
1123 615 1252 652 Caesar
1278 620 1312 652 et
1339 629 1407 664 quo
1435 630 1470 654 se
1497 619 1669 656 violatum
1696 621 1854 668 putabat,
1882 624 1922 656 ut

244 669 366 706 Cicero
393 671 517 707 deinde
544 672 676 719 scribit,
705 674 941 709 coniecturam
970 674 1246 722 Wesenbergius
1274 679 1308 711 et
1335 688 1397 723 ego
1425 678 1630 725 recepimus.
1658 678 1724 714 Sed
1743 691 1806 726 ego
1824 692 1922 727 prae-

242 734 335 765 terea
376 742 438 778 pro
477 733 534 766 eui
571 732 693 780 scripsi
732 733 864 781 quibus,
902 734 983 781 quia
1022 734 1152 770 Caesar
1178 735 1307 770 eximio
1335 736 1477 783 ingenio
1505 737 1677 773 Caecinae
1704 751 1775 774 non
1802 739 1920 775 minus

241 788 406 824 tribuisse
447 790 624 837 putandus
664 795 726 838 est,
769 804 873 839 quam
901 793 976 828 eius
1003 792 1236 840 eloquentiae.
1277 794 1313 829 Si
1341 794 1405 830 soli
1432 795 1652 842 eloquentiae
1679 797 1830 833 multum
1858 798 1920 833 tri-

241 845 385 894 buisset,
414 859 485 883 non
511 852 587 884 erat
613 861 676 885 cur
702 849 823 886 Cicero
850 851 1021 886 eximium
1050 851 1233 898 ingenium
1261 853 1367 888 simul
1394 853 1566 890 laudaret.

290 904 355 941 VI.
387 907 443 952 10,
474 908 507 942 5.
560 907 702 943 Folium
730 921 870 944 versum
898 909 1119 958 palimpsesti
1146 910 1388 958 Taurinensis,
1417 912 1509 959 quod
1537 912 1576 948 P.
1604 913 1789 959 Krugerus
1817 926 1918 950 accu-

239 967 313 999 rate
349 964 533 1013 descripsit
560 966 597 1000 in
624 966 779 1002 Hermae
806 968 875 1003 vol.
903 967 948 1004 V.
976 981 1009 1016 p.
1041 970 1111 1004 148
1141 981 1204 1016 sq.,
1233 970 1407 1005 nonnulla
1434 970 1491 1006 hic
1518 971 1622 1006 aliter
1653 971 1783 1019 scripta¹
1802 976 1918 1008 osten-

237 1022 300 1069 dit,
328 1035 432 1070 quam
460 1036 478 1059 e
496 1014 577 1060 cod.
607 1024 699 1060 Med.
729 1026 894 1062 eduntur.
948 1027 1004 1062 Ex
1032 1028 1094 1062 illo
1122 1029 1244 1064 notavi
1270 1029 1329 1064 sed
1355 1033 1385 1064 et
1412 1030 1447 1064 in.
1474 1030 1588 1065 studio
1616 1052 1662 1055 —
1690 1034 1720 1065 et
1749 1032 1782 1066 in
1804 1031 1914 1079 rebus,

236 1085 312 1116 tum
351 1082 473 1117 cotidie
510 1084 622 1131 maqis
661 1084 749 1119 mihi
785 1085 909 1132 delabi,
951 1086 1076 1121 deinde
1119 1090 1155 1121 ut
1181 1087 1287 1121 simul
1313 1099 1390 1122 cum
1417 1100 1502 1136 rep„
1530 1092 1704 1136 postremo
1733 1090 1916 1125 reriviscat-

235 1144 265 1175 et
304 1141 495 1188 aliquando
535 1146 717 1191 recreetur,
756 1155 846 1191 quae
885 1145 1025 1192 singula
1065 1146 1234 1181 eiusmodi
1275 1150 1357 1182 sunt
1398 1151 1437 1182 ut
1477 1159 1596 1183 veram
1622 1147 1733 1183 Tullii
1769 1161 1914 1184 manum

237 1211 394 1235 servasse
420 1200 617 1237 videantur.

284 1257 371 1293 VII.
403 1259 433 1305 l,
466 1260 496 1294 1.
537 1259 655 1307 Neque
682 1263 790 1295 tamen
819 1261 949 1308 dubito,
978 1263 1060 1310 quin
1089 1266 1127 1298 tu
1156 1264 1191 1298 in
1221 1264 1279 1299 illo
1304 1264 1457 1299 cubiculo
1484 1267 1552 1312 tuo,
1587 1277 1626 1299 ea:
1652 1277 1715 1312 quo
1742 1265 1807 1301 tibi
1834 1265 1914 1301 Sta-

233 1314 375 1351 bianum
408 1317 608 1365 perforasti
634 1322 664 1353 et
684 1319 885 1366 patefecisti
911 1320 1099 1368 Misenum,
1120 1334 1188 1370 per
1215 1334 1268 1357 eos
1295 1323 1368 1358 dies
1395 1324 1564 1358 matutina
1591 1326 1744 1371 tempora
1772 1324 1913 1359 lectiun-

233 1375 321 1410 culis
343 1378 605 1425 consumpseris.
643 1378 741 1422 Quae
767 1379 809 1414 de
835 1379 870 1415 h.
898 1379 920 1415 l.
949 1383 1031 1416 ante
1067 1381 1184 1416 decem
1212 1394 1324 1417 annos
1351 1382 1389 1417 in
1416 1383 1609 1418 Academia
1635 1383 1731 1429 regia
1758 1383 1913 1431 discipli-

233 1446 359 1470 narum
399 1435 588 1484 disputavi,
626 1449 785 1485 quaeque
824 1439 918 1474 edita
956 1443 1040 1474 sunt
1080 1440 1117 1475 in
1157 1441 1259 1477 Actis
1285 1442 1360 1477 eius
1386 1442 1568 1477 litterariis
1596 1441 1678 1477 Vol.
1705 1442 1724 1477 Ι
1751 1454 1816 1478 ser.
1844 1454 1910 1479 sec.

233 1506 266 1542 p.
298 1495 504 1543 179-184,
542 1509 614 1532 non
651 1497 756 1545 plane
783 1510 878 1533 nunc
904 1499 1024 1546 probo.
1086 1500 1194 1536 Recte
1221 1501 1343 1536 monui
1370 1513 1410 1536 ex
1437 1513 1501 1549 quo
1528 1513 1599 1536 non
1626 1513 1727 1549 posse
1756 1501 1911 1549 intelligi

233 1552 274 1588 de
301 1556 466 1601 tempore,
495 1566 603 1602 quum
630 1555 752 1592 Cicero
780 1569 915 1605 semper
948 1558 1051 1605 plene
1078 1559 1257 1607 scripserit
1292 1571 1332 1594 ex
1358 1572 1422 1607 quo
1449 1563 1608 1608 tempore,
1637 1560 1756 1608 itaque
1782 1573 1822 1596 esc
1847 1573 1911 1609 quo

232 1611 356 1648 debere
383 1613 503 1649 referri
530 1614 574 1649 ad
602 1627 642 1650 ea
669 1627 758 1662 quae
784 1617 1020 1664 praecedunt3
1047 1622 1139 1654 recte
1166 1619 1272 1654 etiam
1300 1619 1439 1654 defendi
1460 1619 1662 1667 patefecisti
1674 1620 1801 1666 sinum,
1818 1620 1910 1666 quod

232 1670 324 1706 idem
351 1671 476 1708 deinde
502 1674 761 1710 commendavit
787 1676 857 1711 Ad.
885 1676 1127 1724 Kiesslingius
1154 1678 1192 1712 in
1219 1678 1333 1713 Musei
1347 1678 1471 1726 philol.
1486 1678 1652 1714 Rhenani
1669 1679 1735 1714 vol.
1751 1678 1908 1715 XXXII

231 1741 312 1765 nox:
354 1742 418 1766 ser.
446 1744 479 1779 p.
509 1733 592 1768 636.
640 1733 758 1777 Quum
783 1734 877 1770 enim
905 1735 942 1770 in
969 1735 1086 1771 codice
1113 1736 1270 1772 Mediceo
1298 1737 1468 1785 scriptum
1495 1737 1541 1772 sit
1561 1737 1763 1785 patefecisti
1787 1749 1907 1773 senum

230 1789 409 1837 misenum,
440 1790 600 1838 idemque
627 1792 664 1827 in
687 1793 889 1841 apographo
915 1795 1023 1830 veteri
1052 1794 1255 1831 inveniatur
1281 1808 1379 1831 eraso
1405 1807 1535 1843 senum,
1558 1796 1649 1843 quod
1669 1796 1778 1832 codex
1796 1797 1906 1832 Turo-

231 1848 350 1884 nensis
389 1852 423 1884 et
462 1850 530 1885 duo
570 1851 820 1888 Bruxellenses
859 1853 973 1888 solum
1011 1853 1154 1900 habent,
1190 1854 1302 1902 prima
1341 1855 1454 1902 specie
1480 1854 1627 1890 dubium
1653 1854 1764 1889 videri
1790 1858 1906 1902 potest

228 1907 346 1942 sinum
385 1920 431 1943 an
469 1908 647 1945 Misenum
684 1922 806 1946 verum
833 1911 890 1947 sit.
930 1912 1024 1947 Nam
1051 1913 1240 1960 quominus
1265 1917 1453 1960 utrumque
1478 1913 1704 1959 retineamus,
1732 1913 1767 1948 id
1795 1916 1902 1960 vetat,

229 1966 321 2013 quod
362 1967 462 2002 sinus
495 1967 655 2004 Misenus
681 1969 803 2006 nullus
830 1983 987 2018 unquam
1015 1971 1093 2007 fuit.
1134 1971 1270 2007 Verum
1296 1972 1359 2007 illa
1385 1972 1560 2007 dubitatio
1589 1971 1728 2007 tollitur
1746 1971 1903 2017 cogitan-

228 2025 324 2060 tibus
351 2037 369 2060 e
396 2025 482 2061 villa
509 2027 615 2063 Marii
641 2028 868 2077 Pompeiana,
896 2030 938 2066 de
964 2043 1032 2078 qua
1059 2031 1117 2066 hic
1144 2032 1272 2079 agitur,
1301 2035 1340 2067 ut
1367 2043 1385 2067 e
1412 2032 1430 2078 ξ
1459 2032 1479 2066 3
1507 2034 1542 2066 et
1568 2043 1612 2066 ex
1638 2043 1691 2078 ep.
1721 2031 1754 2077 3,
1785 2031 1802 2065 1
1831 2032 1901 2066 et4

227 2083 334 2120 huius
373 2084 456 2120 libri
495 2090 650 2134 apparet,
692 2100 763 2123 non
799 2089 954 2137 potuisse
993 2091 1149 2139 conspici
1175 2091 1364 2137 Misenum,
1393 2090 1476 2137 quia
1502 2089 1594 2126 acies
1621 2089 1801 2125 oculorum
1829 2093 1901 2125 tam

226 2142 331 2190 longe
358 2143 494 2180 intendi
521 2146 654 2192 nequit.
683 2146 783 2182 Conf.
811 2160 900 2194 quae
928 2149 965 2183 in
992 2149 1099 2185 simili
1127 2162 1164 2184 re
1189 2149 1310 2185 Cicero
1338 2149 1475 2185 inducit
1501 2149 1691 2184 Lucullum
1719 2148 1901 2196 disputan-

226 2204 296 2237 tem
323 2202 360 2237 in
387 2203 498 2239 Acad.
525 2203 575 2240 ΙΙ.
606 2205 664 2240 80.
692 2205 791 2240 Haec
818 2206 901 2242 olim
928 2211 1019 2243 recte
1046 2208 1130 2255 vidi,
1160 2208 1218 2243 sed
1246 2208 1284 2243 in
1312 2220 1351 2243 eo
1378 2207 1493 2243 erravi
1521 2207 1611 2254 quod
1639 2207 1746 2242 verba
1762 2206 1901 2242 Stabia-

224 2272 307 2296 num
329 2261 528 2309 perforasti
553 2265 583 2298 et
603 2264 805 2311 patefecisti
829 2266 947 2301 sinum
974 2266 1023 2301 sic
1045 2266 1296 2314 interpretatus
1314 2278 1403 2313 sum,
1420 2265 1519 2313 quasi
1534 2265 1731 2301 indicarent
1745 2265 1899 2301 Marium

223 2319 397 2367 perforato
424 2321 556 2368 pariete
583 2323 650 2358 sibi
679 2327 900 2372 prospectum
927 2326 1104 2372 aperuisse
1131 2326 1168 2360 in
1195 2326 1311 2361 sinum
1340 2325 1549 2361 Stabianum
1567 2336 1601 2359 o:
1621 2324 1658 2359 in
1673 2335 1749 2359 eam
1764 2326 1897 2371 partem

223 2377 322 2413 sinus
348 2378 587 2427 Neapolitani,
616 2393 704 2428 quae
732 2381 872 2418 Stabias
899 2382 1013 2419 alluit.
1042 2383 1135 2419 Nam
1150 2396 1264 2431 neque
1277 2383 1477 2432 perforasti
1490 2386 1603 2431 potest
1618 2393 1734 2417 carere
1750 2381 1895 2428 obiecto,

219 2439 254 2470 ct
281 2436 349 2472 adi.
379 2436 588 2473 Stabianum
623 2440 738 2475 verbis
766 2440 968 2489 perforasti
1005 2445 1034 2477 et
1053 2441 1255 2490 patefecisti
1281 2443 1478 2478 seiunctum
1504 2454 1525 2477 a
1552 2453 1615 2476 suo
1640 2440 1750 2476 subst.
1778 2441 1896 2475 sinum

221 2493 257 2529 in
293 2496 447 2532 carmine
482 2497 664 2534 ferendum
703 2502 804 2546 esset,
842 2499 880 2534 in
919 2500 1067 2548 epistola
1103 2512 1184 2536 vero
1223 2501 1305 2537 talis
1333 2500 1518 2536 collocatio
1542 2499 1727 2535 verborum
1755 2499 1896 2547 probari
