2163 3020
267 248 312 281 3ss
471 259 781 288 OBSERVATIONES
804 260 977 289 clunem:
1001 261 1052 289 AD
1075 261 1112 289 Mi
1137 262 1267 291 TULLII
1290 263 1488 292 CICERONIS
1511 264 1725 295 EPISTOLAS.

259 357 433 403 postridie
459 358 559 393 <latas
586 358 706 393 Laude
735 371 802 393 una
830 371 905 393 cam
944 359 1108 395 Caesaris
1135 360 1274 396 litteris.
1312 359 1368 395 Sic
1396 360 1432 396 iu
1460 362 1525 397 hac
1553 363 1628 411 ipsa
1655 364 1673 409 ξ
1700 369 1940 401 memorantur

264 414 400 451 litterae
426 418 499 451 cias
521 416 711 462 (Caesaris)
741 430 808 452 mat
837 418 938 453 datae
964 431 1040 454 cam
1067 420 1146 455 tais.

317 474 407 511 Ibid.
445 476 477 511 3.
519 475 564 510 Id
602 479 630 509 a
673 476 818 511 Curtius
859 478 905 512 ita
937 479 1073 514 rolebat.
1104 478 1304 514 Particulae
1330 482 1359 513 et
1387 491 1457 514 11011
1485 483 1537 515 est
1565 480 1672 516 locus.
1702 481 1836 517 Scribe:
1867 482 1939 530 ipse

267 532 414 568 Curtius
440 535 487 568 aa
519 534 654 570 rolehat.

316 590 364 626 ΙΙ.
398 593 441 626 14
469 593 543 638 (15,
575 594 622 637 ss).
667 593 784 628 Huius
826 594 993 641 epistolae
1032 595 1180 643 pessime
1219 594 1412 642 descriptae
1451 596 1620 643 plurimos
1661 596 1753 632 locos
1789 597 1939 633 Wesen-

263 649 402 695 bergius
430 654 501 685 tam
529 651 709 695 ingeniose
737 655 769 686 et
797 651 944 687 feliciter
970 653 1135 699 restituit,
1165 656 1203 688 ut
1219 665 1327 700 paene
1343 653 1537 700 integritati
1552 654 1743 690 reddidisse
1762 655 1935 692 videatur.

261 708 327 744 Off.
370 709 515 744 Emend.
557 709 618 745 alt.
660 722 691 757 p.
735 711 892 746 69-72.
934 712 1175 747 Memorabilis
1215 715 1333 747 tamen
1374 716 1426 747 est
1453 713 1626 759 Madvigii
1655 714 1818 761 suspicio,
1848 726 1936 761 quae

261 767 442 802 invenitur
481 768 518 802 111
546 767 634 815 disp.
663 768 704 803 110
731 768 921 804 Praefectis
949 770 1081 805 inserta
1108 769 1202 817 operi
1231 769 1369 805 Gallico
1397 770 1519 806 Revue
1546 771 1587 806 de
1614 771 1806 818 philologie
1833 771 1882 807 ΙΙ.
1913 773 1933 807 3

259 838 292 873 p.
325 827 391 861 177
431 838 525 873 seqq.
554 826 590 861 Is
624 827 718 861 enim
759 827 863 862 verba
892 827 1006 863 lacera
1033 829 1070 863 in
1098 829 1116 874 ξ
1146 829 1166 863 3
1195 828 1243 863 sic
1271 829 1441 864 restituit:
1471 829 1562 876 qicocl
1586 832 1691 877 putas
1717 831 1830 877 maqis
1856 842 1872 865 e
1898 843 1935 866 re

261 888 347 922 tua:
389 898 468 920 nam
513 885 573 920 illa
614 886 716 920 etiam
754 887 874 933 maqni
899 888 1039 922 aestimo
1067 890 1136 933 eet„
1166 887 1226 922 ubi
1255 887 1313 923 W.
1343 892 1420 935 post
1446 889 1559 935 ‘inagyis
1586 888 1689 936 plura
1716 889 1934 925 intercidisse

256 944 413 990 putabat.
456 943 616 979 Alteram
654 956 717 989 ego
757 945 1036 981 emendationem
1076 946 1202 981 faciam
1244 946 1281 981 in
1320 947 1338 992 ξ
1380 948 1400 981 2
1440 959 1501 994 pro
1539 948 1686 994 aemiliae
1712 947 1934 996 fraterneque

255 1001 416 1037 Ciceroni
444 1002 590 1038 reddens
618 1015 719 1037 suum
750 1004 893 1050 iizqcneie
920 1005 1152 1052 fraterneque.
1181 1005 1233 1040 Cf.
1263 1005 1360 1040 Fam.
1390 1005 1435 1041 V.
1466 1007 1498 1052 2,
1529 1007 1549 1041 2
1576 1018 1628 1041 me
1653 1006 1713 1041 ahs
1740 1009 1769 1041 te
1799 1007 1934 1055 cupisse

255 1060 400 1095 laudari
438 1064 555 1108 aperte
581 1064 682 1108 <atlete
711 1062 854 1109 inyemw
880 1063 1075 1109 confitebar.
1115 1065 1193 1099 Att.
1222 1063 1332 1099 XIII.
1362 1065 1421 1111 27,
1454 1066 1468 1099 1
1501 1065 1569 1100 Isti
1598 1066 1750 1113 infinite,
1780 1066 1933 1114 *nillisque

251 1122 393 1166 yralam
422 1120 512 1166 qaod
539 1120 624 1167 qaid
650 1121 815 1156 sentirent
843 1133 908 1156 non
938 1123 1158 1158 reticuerunt.
1186 1122 1282 1157 Idem
1312 1123 1348 1157 111
1375 1123 1394 1168 ξ
1422 1124 1442 1158 3
1471 1124 1599 1158 dicitur
1626 1136 1691 1159 noiz
1707 1126 1932 1160 assentatorie

255 1178 313 1213 sed
339 1178 508 1225 fraterne,
536 1179 574 1214 in
601 1192 652 1226 ep.
683 1192 753 1226 seq.
783 1181 802 1226 ξ
830 1182 850 1215 5
879 1182 1109 1226 (ριλαληθῶς
1135 1185 1164 1215 et
1192 1181 1360 1227 fraterne.

305 1237 354 1272 Π.
388 1239 429 1272 15
466 1239 555 1284 (16),
585 1240 618 1273 ἴ).
660 1238 736 1285 Esse
777 1240 866 1274 enim
908 1252 947 1274 ne
980 1240 1056 1287 pilo
1096 1240 1234 1287 quidem
1271 1241 1386 1275 ›nin'as
1422 1253 1473 1275 me
1500 1241 1632 1276 amabo.
1674 1241 1762 1277 Cum
1790 1241 1930 1277 Baitero

253 1296 342 1331 hauc
384 1296 464 1331 libri
506 1297 598 1332 Med.
641 1298 849 1345 scripturam
891 1300 1099 1334 servandam
1140 1312 1274 1345 censeo,
1311 1312 1399 1346 quae
1437 1300 1616 1335 Ciceronis
1644 1300 1797 1335 indolem
1825 1301 1929 1348 plane

250 1354 367 1390 refert.
396 1354 479 1390 Sine
507 1367 611 1390 causa
639 1356 755 1391 Aldus
783 1357 914 1404 aliique
942 1358 1160 1406 scripserunt
1186 1361 1215 1393 te
1241 1357 1376 1393 anzabo.

304 1415 373 1449 ΙΙΙ.
412 1416 441 1460 1,
480 1416 512 1450 2.
554 1414 674 1450 Cicero
711 1419 817 1462 negat
843 1417 881 1452 in
908 1417 1044 1464 porticu
1072 1429 1147 1452 esse
1173 1417 1289 1452 locum
1316 1416 1453 1462 atriolo,
1483 1427 1592 1463 quum
1618 1416 1706 1451 alias
1733 1417 1776 1451 ob
1804 1429 1927 1453 causas

252 1478 327 1509 tum
364 1473 455 1520 quod
484 1486 555 1509 11011
591 1479 726 1522 poterat
766 1475 894 1511 habere
921 1476 1089 1511 adiuncta
1116 1476 1279 1512 cubicula
1309 1480 1342 1511 et
1369 1476 1539 1511 eiusmodi
1565 1475 1727 1511 vienibra.
1770 1475 1813 1510 In
1840 1475 1874 1512 h.
1904 1476 1926 1512 l.

252 1539 291 1567 ut
316 1533 352 1567 in
382 1532 491 1567 Plinii
520 1533 584 1580 Ep.
614 1533 658 1569 V.
689 1535 721 1580 6,
754 1535 796 1569 15
826 1538 860 1569 01
887 1535 936 1570 Π.
973 1536 1028 1581 17,
1059 1537 1078 1570 9
1108 1534 1259 1570 membra
1287 1538 1458 1570 vocantur
1484 1534 1646 1569 cubicula
1672 1535 1818 1581 minora,
1839 1547 1927 1581 quae

252 1591 422 1638 hodieque
449 1603 469 1626 a
497 1591 770 1628 Pedemontanis
797 1593 965 1628 (licuntur
992 1594 1146 1630 membri.
1175 1594 1219 1629 In
1247 1593 1391 1641 Apuleii
1420 1606 1501 1628 vero
1527 1593 1672 1629 Metam.
1701 1593 1771 1629 III.
1800 1606 1832 1641 p.
1855 1595 1925 1629 228

250 1650 410 1686 Oudend.
438 1650 578 1697 sinyala
605 1651 727 1686 domus
755 1651 903 1687 membra
933 1656 1016 1688 sunt
1045 1653 1205 1699 singulae
1232 1652 1370 1688 aedium
1398 1656 1524 1700 partes.

303 1709 372 1744 HI.
410 1711 441 1755 1,
482 1711 513 1744 3.
556 1709 656 1744 Sili-ci
687 1710 858 1745 rirdicala
887 1723 948 1758 per
975 1723 1011 1746 se
1039 1724 1109 1746 11011
1137 1717 1189 1747 est
1216 1711 1373 1746 molesta.
1402 1711 1494 1746 Nam
1522 1710 1678 1745 viridans
1693 1714 1727 1746 et
1742 1710 1926 1746 viridicata

251 1775 332 1815 apta
373 1773 456 1803 sunt
492 1768 646 1816 epitheta
683 1769 793 1804 silvae
829 1782 964 1817 semper
990 1770 1148 1805 virentis.
1195 1770 1261 1805 Sed
1290 1770 1437 1805 fortasse
1464 1769 1589 1805 melius
1616 1769 1681 1804 hoc
1708 1770 1855 1805 refertur
1881 1770 1924 1805 ad

252 1827 380 1873 rislam,
409 1832 441 1862 et
470 1828 693 1863 scribendum
716 1828 897 1875 palaestra
926 1832 955 1863 et
982 1830 1071 1864 silra
1103 1830 1213 1864 viridi
1238 1832 1386 1864 cenetam.

302 1885 371 1920 HI.
404 1888 433 1931 1,
470 1887 522 1920 18.
565 1885 704 1934 ›S'cripsi
743 1887 790 1921 ad
819 1887 1001 1922 Caesarem
1044 1888 1240 1923 Vibullium
1271 1887 1434 1923 Caesaris
1461 1887 1626 1922 nianslata
1654 1887 1694 1921 cle
1721 1899 1794 1922 mea
1829 1899 1925 1922 man-

249 1945 346 1978 sione
383 1944 429 1978 (al
464 1944 669 1991 Pompeium
701 1946 888 1992 pertulisse
915 1959 972 1981 nec
1007 1946 1171 1994 Oppiam.
1226 1947 1295 1990 Qui
1323 1946 1407 1981 haec
1434 1950 1467 1981 et
1495 1958 1584 1992 quae
1615 1950 1809 1992 sequuntur
1837 1946 1923 1981 bene

251 2003 536 2049 consideraverit,
578 2004 745 2040 fatebitur
787 2018 807 2040 a
848 2006 1030 2052 Madvigio
1070 2006 1106 2041 111
1149 2006 1393 2052 Wesenbergii
1433 2005 1579 2040 Emend.
1622 2005 1736 2052 epistt.
1779 2017 1810 2052 p.
1853 2007 1921 2040 114

251 2062 388 2108 egregie
416 2074 489 2097 esse
516 2067 669 2097 correcta
695 2064 814 2099 addito
843 2077 947 2112 neque
973 2068 1054 2100 ante
1088 2065 1294 2100 Vibullium.
1331 2064 1451 2100 Cicero
1479 2064 1587 2110 igitur
1614 2064 1663 2098 sic
1690 2063 1760 2098 fere
1783 2063 1922 2111 scripsit

250 2121 293 2156 ad
321 2121 521 2156 Caesarem:
555 2121 758 2166 „Vibullius
786 2128 847 2158 tua
875 2124 1041 2160 mandata
1068 2137 1136 2160 non
1166 2124 1310 2172 pertulit
1336 2123 1379 2158 ad
1407 2123 1624 2170 Pompeium,
1660 2134 1722 2157 nec
1749 2122 1920 2170 Oppius‚''

249 2185 283 2215 et
312 2180 367 2215 hic
395 2180 426 2215 01
454 2180 666 2215 reddendum
695 2182 769 2215 eius
797 2182 973 2229 mandata,
1003 2183 1115 2218 deleto
1146 2183 1308 2219 Caesaris
1335 2182 1477 2217 nomine
1505 2181 1596 2228 quod
1624 2193 1641 2216 e
1673 2182 1789 2227 glossa
1814 2181 1922 2228 irrep-

249 2240 295 2273 sit
312 2240 349 2284 1).
378 2238 475 2281 Quae
502 2239 660 2285 sequitur
688 2240 934 2286 interrogatio:
965 2241 1039 2286 Quo
1065 2242 1208 2277 consilio
1233 2253 1318 2277 sane
1346 2241 1447 2276 debet
1474 2241 1524 2275 ita
1551 2239 1716 2287 suppleri,
1745 2242 1784 2274 ut
1800 2239 1919 2275 Madv,

248 2298 347 2333 feeit:
381 2297 439 2343 „hi
466 2310 537 2333 non
570 2298 738 2345 fecerunt,
780 2303 819 2334 ut
858 2299 1018 2336 Caesaris
1059 2301 1226 2336 mandata
1265 2300 1307 2335 de
1331 2311 1408 2335 mea
1435 2299 1616 2334 mansione
1642 2298 1684 2333 ad
1714 2297 1919 2345 Pompeium

247 2356 438 2404 perferrent
449 2357 488 2391 ?'‘
518 2357 576 2392 sed
605 2357 687 2393 huic
715 2359 912 2405 quaestioni
940 2360 1027 2395 mire
1055 2359 1313 2396 subiiciuntur:
1342 2369 1552 2406 quaiizqaam
1583 2357 1806 2405 Oppiumeyo
1826 2358 1921 2392 tenui

287 2491 309 2531 ¹)
331 2493 377 2521 Ita
405 2493 507 2523 Livius
534 2494 558 2522 I.
589 2494 636 2528 20,
670 2495 687 2522 2
721 2495 848 2524 scribere
875 2495 996 2524 debuit:
1019 2496 1093 2534 quia
1116 2496 1151 2524 in
1174 2496 1296 2524 civitate
1317 2495 1457 2524 bellicosa
1480 2495 1584 2533 plures
1605 2493 1731 2523 Romuli
1753 2501 1850 2530 quam
1872 2492 1922 2521 sui

243 2542 359 2570 similes
382 2551 467 2580 reyes
490 2543 618 2581 putabat
641 2544 718 2580 sore,
743 2553 801 2572 non
826 2544 906 2582 quod
929 2544 1020 2574 libros
1043 2545 1197 2582 occupavit
1219 2544 1345 2574 Romuli
1368 2553 1463 2582 quam
1486 2543 1611 2573 Numae
1631 2542 1756 2572 similes.
