2163 3020
425 287 735 317 OBSERVATIONES
756 285 931 314 CRITICAE
954 286 1005 314 AD
1027 286 1064 314 M.
1087 285 1217 314 TULLII
1238 285 1436 314 CICERONIS
1458 283 1670 313 EP1s'r0LAS.
1835 276 1881 309 63

892 507 1106 542 CAPUT
1147 507 1211 542 IV.

404 649 604 685 CICERONIS
630 657 675 682 ET
702 648 823 682 BRUTI
850 656 1051 682 EPISTOLAE
1079 657 1210 682 PAUCIS
1238 658 1275 683 IN
1304 658 1407 683 LOCIS
1434 659 1696 684 TEMPTANTUR.

275 794 305 840 I,
334 795 366 839 2,
396 793 427 827 3.
470 790 568 835 Quod
593 789 717 824 scribis
751 789 790 824 de
815 789 988 835 seditione,
1017 801 1102 836 quae
1136 790 1231 836 facta
1259 794 1306 825 est
1335 792 1367 825 in
1396 792 1524 838 leqione
1549 794 1687 838 quarta,
1710 790 1755 825 'cle
1783 790 1885 825 Cato-

222 854 295 888 m'is
329 873 375 876 —
410 850 522 896 maqis
554 848 642 882 mihi
674 847 847 895 probatur
886 847 1037 882 militum
1075 849 1238 883 severitas
1261 861 1365 895 quam
1392 853 1462 884 tua.
1503 850 1587 884 Post
1613 849 1777 884 ultimum
1804 859 1878 883 voc.

223 910 393 946 excidisse
419 908 595 943 clementia
623 906 678 941 vel
705 906 828 941 lenitas
854 906 1105 952 XVesenbergio
1132 908 1254 942 merito
1281 908 1423 955 placuit,
1452 912 1486 943 et
1512 920 1573 955 pro
1588 909 1706 955 inepto
1725 907 1764 942 (Ie
1781 907 1883 942 Cato-

223 970 296 1004 υἱεῖς
330 968 368 1003 C.
408 967 448 1002 F.
476 966 703 1001 Hermannus
731 967 806 1008 (zur
834 964 1127 1010 Rechtfertigung
1153 965 1213 1000 der
1239 966 1428 1001 Aechtheit
1454 967 1513 1002 des
1540 966 1744 1001 erh'altenen
1771 964 1881 1000 Brief-

223 1026 391 1063 wechsels
430 1024 604 1060 zwischen
644 1023 683 1058 C.
722 1022 794 1058 und
833 1022 892 1057 ΒΓ.
928 1023 957 1057 Ι.
994 1035 1026 1069 p.
1057 1024 1116 1066 36)
1144 1023 1291 1059 feliciter
1317 1025 1470 1059 restituit
1496 1025 1626 1071 fraude
1655 1024 1692 1059 C.
1721 1024 1879 1058 Antonii.

223 1085 290 1121 Sed
328 1084 476 1130 legionis
516 1085 660 1128 quartae
699 1081 911 1116 mentione-m
950 1080 1033 1115 hinc
1072 1081 1223 1116 alienam
1250 1093 1383 1128 censeo,
1411 1083 1501 1129 quod
1529 1082 1589 1117 illa
1616 1082 1706 1127 legio
1732 1086 1816 1116 tunc
1843 1081 1880 1116 in

223 1143 331 1179 Italia
370 1146 454 1186 erat,
495 1145 529 1175 et
568 1139 659 1186 quod
698 1139 829 1184 Cicero,
871 1138 899 1173 si
933 1138 997 1173 hoc
1032 1138 1210 1185 voluisset,
1247 1141 1457 1187 scripsisset:
1486 1141 1526 1175 de
1550 1141 1713 1175 seditione
1739 1140 1882 1187 leqiom's

223 1204 378 1249 quartae.
431 1199 547 1242 Quum
586 1201 702 1232 autem
741 1197 808 1232 Dio
847 1196 991 1230 eandem
1030 1208 1101 1231 rem
1141 1208 1288 1233 narrans
1327 1204 1493 1234 memoret
1531 1202 1579 1234 τοὶ
1617 1201 1881 1245 στρατεύματα

224 1262 523 1298 στασιασθὲντα
550 1262 591 1293 οἱ
614 1257 753 1303 (Bruto)
779 1259 851 1293 ὑπὸ
879 1263 943 1293 τοῦ
972 1258 1192 1303 Ἀντωνίου,
1208 1257 1363 1292 XLVII.
1379 1258 1437 1303 22,
1452 1257 1531 1292 vide
1545 1270 1588 1292 ne
1602 1257 1821 1292 scribendum
1837 1256 1883 1291 sit

226 1321 261 1355 in
288 1320 458 1367 leqionum
484 1316 619 1362 castris,
648 1316 763 1362 potius
790 1327 894 1362 quam
921 1316 1011 1362 quod
1038 1315 1264 1350 Hermannus
1291 1315 1439 1350 coniecit
1455 1316 1633 1362 z'nfleyt'one
1646 1315 1793 1362 quadam
1809 1318 1879 1349 tna.

272 1379 302 1414 I.
331 1379 365 1422 4,
394 1378 427 1412 3.
467 1375 583 1420 Nunc,
613 1374 742 1419 Cicero,
770 1386 859 1408 nnnc
885 1374 1054 1420 ayeuclum
1080 1377 1136 1419 est,
1166 1386 1206 1408 ne
1232 1373 1372 1419 frustra
1389 1385 1587 1421 oppressum
1604 1385 1671 1408 esse
1687 1373 1879 1408 Antonium

220 1437 337 1485 yavt'st
362 1436 482 1480 simus,
511 1445 572 1468 nen
600 1444 731 1479 semper
751 1433 867 1479 primi
887 1433 1049 1479 cuiusque
1076 1432 1161 1467 malt
1178 1432 1355 1467 excidendi
1371 1444 1475 1466 causa
1489 1433 1544 1478 sit,
1558 1435 1596 1466 ut
1613 1432 1712 1466 aliud
1726 1443 1883 1466 renasca-

220 1499 279 1530 tur
309 1493 366 1528 illo
385 1493 500 1540 peius.
529 1490 712 1526 Praeclare
738 1490 889 1526 Cobetus
917 1502 978 1537 pro
1005 1502 1095 1525 nunc
1121 1491 1291 1537 ayenclum
1317 1491 1455 1538 scripsit
1482 1502 1571 1525 nunc
1597 1490 1793 1536 carendum,
1822 1490 1881 1525 sed

220 1554 312 1588 idem
339 1551 586 1587 obscuritatem
612 1549 832 1595 sequentium
858 1549 1043 1584 verborum
1070 1561 1141 1584 non
1169 1549 1311 1584 sustulit
1337 1549 1504 1584 mutando
1531 1549 1708 1584 excidendi
1734 1549 1770 1583 in
1795 1549 1881 1583 exci-

221 1611 330 1646 dium.
358 1610 451 1645 Nam
477 1608 506 1643 si
531 1608 683 1654 primum
710 1608 869 1654 quodque
896 1608 1028 1642 malum
1054 1608 1211 1642 excisum
1237 1611 1299 1654 est,
1327 1620 1370 1642 ex
1388 1620 1426 1642 eo
1441 1620 1513 1642 non
1526 1607 1718 1643 necessario
1732 1607 1883 1642 renasci-

221 1673 279 1704 tur
320 1667 416 1703 aliud
455 1666 568 1702 maius
608 1666 750 1701 malum.
791 1666 866 1712 Ego
902 1666 1090 1712 aliquando
1126 1667 1249 1714 putavi
1287 1666 1401 1701 sedem
1423 1666 1502 1701 vitii
1528 1667 1565 1701 in
1591 1678 1624 1701 v.
1651 1678 1782 1713 semper
1808 1677 1881 1701 esse

220 1727 465 1774 quaerendam,
505 1736 600 1759 nunc
639 1725 810 1759 assentior
848 1725 1046 1760 doctissimo
1082 1725 1234 1771 collegae
1261 1725 1299 1760 C.
1327 1725 1375 1760 M.
1404 1725 1589 1760 Francken
1615 1725 1780 1759 maiorem
1806 1736 1882 1759 esse

219 1786 395 1830 lacunam,
433 1795 538 1830 quam
577 1783 638 1817 ille
676 1783 725 1818 sic
763 1783 932 1830 implevit,
961 1788 1001 1819 ut
1027 1784 1199 1819 sententia
1227 1784 1375 1819 oriretur
1402 1783 1602 1830 probabilis.
1643 1783 1767 1829 Itaque
1794 1783 1879 1818 haec

220 1845 271 1880 sic
296 1844 472 1889 legamus:
513 1841 639 1886 „Nunc
666 1841 796 1887 Cicero,
825 1854 918 1877 nunc
945 1842 1130 1877 carendum
1158 1845 1220 1884 est,
1249 1854 1292 1877 ne
1319 1842 1449 1877 frustra
1475 1853 1677 1888 oppressum
1703 1853 1777 1876 esse
1803 1842 1880 1876 An-

220 1897 356 1937 tonium
383 1899 494 1946 gavisi
523 1900 641 1947 simus,
670 1911 738 1934 neu
764 1911 897 1946 semper
924 1900 1026 1946 primi
1054 1900 1220 1946 cuiusque
1257 1900 1339 1934 mali
1367 1900 1443 1934 exci
1470 1900 1516 1945 (si
1539 1899 1707 1945 glandium
1734 1899 1879 1934 alterius

220 1961 346 2008 ueylzssy)
372 1959 451 1993 endi
479 1970 583 1993 causa
611 1958 666 2004 sit,
696 1962 734 1992 ut
761 1958 857 1992 aliud
885 1962 1087 1993 renascatur
1115 1958 1176 1993 illo
1203 1959 1336 2005 peius.''

270 2019 300 2054 I.
330 2019 385 2063 12,
415 2018 447 2051 3.
478 2015 672 2051 Ciceronem
698 2027 808 2050 meum
828 2016 1041 2063 propediem,
1070 2019 1106 2050 ut
1131 2028 1241 2063 spero,
1268 2015 1408 2057 *rideh0,·
1433 2019 1539 2050 tecum
1565 2016 1655 2050 enim
1684 2016 1780 2050 illum
1807 2017 1831 2061 †
1850 2019 1879 2051 et

219 2081 249 2112 te
289 2077 325 2110 tn
363 2075 509 2110 Italiam
544 2074 695 2108 celeriter
733 2086 801 2108 esse
839 2077 1019 2108 renam-nm.
1046 2074 1186 2119 confide.
1224 2073 1269 2107 In
1294 2074 1359 2108 hac
1385 2074 1512 2108 codicis
1538 2074 1630 2108 Med.
1661 2075 1832 2121 scriptura
1858 2087 1879 2109 a

220 2132 471 2178 Wesenberg-io
509 2135 656 2178 servata,
685 2132 741 2166 sed
770 2132 974 2179 improbata,
1003 2132 1092 2166 nihil
1120 2131 1315 2177 delendum,
1345 2132 1401 2166 sed
1428 2135 1509 2166 ante
1536 2135 1565 2166 et
1591 2135 1620 2166 te
1653 2132 1876 2167 inserendum

218 2196 271 2228 est
296 2203 374 2237 esse,
402 2193 540 2237 propter
566 2190 760 2224 litterarum
787 2190 1051 2225 similitudinem
1079 2202 1099 2225 a
1125 2190 1267 2225 librario
1295 2190 1502 2235 neglectum.
1540 2190 1632 2225 Nam
1660 2191 1764 2225 nimis
1791 2190 1874 2226 dure

219 2251 421 2286 Ciceronem
461 2248 668 2282 scribentem
706 2248 851 2294 faciunt,
892 2249 951 2295 qui
979 2261 1055 2283 cum
1084 2249 1288 2283 Hermanno
1315 2249 1353 2283 in
1379 2248 1554 2283 vindiciis
1580 2261 1612 2294 p.
1641 2249 1699 2293 46,
1727 2248 1773 2283 n⁰.
1804 2249 1874 2283 104

218 2308 325 2343 verba
364 2306 411 2341 sic
451 2309 606 2351 tuentur,
647 2310 685 2340 ut
723 2317 817 2353 spem
856 2306 897 2340 de
936 2306 1000 2341 filii
1025 2307 1177 2341 adventu
1205 2318 1283 2341 cum
1311 2306 1420 2341 Bruto
1447 2310 1480 2340 et
1505 2307 1546 2340 de
1572 2306 1677 2340 huius
1703 2306 1874 2341 adventus

219 2365 394 2401 celeritate
421 2363 630 2408 coniungere
656 2364 808 2399 voluisse
835 2364 963 2398 dicant.

269 2424 299 2459 I.
330 2423 386 2468 13,
427 2422 459 2456 2.
498 2420 639 2455 Intuere
677 2434 728 2456 me
756 2423 878 2469 ipsum,
906 2422 1027 2457 scribit
1053 2422 1102 2457 M.
1130 2422 1273 2467 Brutus,
1301 2423 1363 2469 qui
1387 2422 1448 2457 lzoc
1474 2434 1495 2456 a
1522 2425 1561 2467 te,
1590 2422 1640 2456 rel
1665 2434 1687 2456 α
1716 2421 1876 2457 Cicerone

217 2480 494 2517 coniunctissimo
520 2479 654 2514 homine
672 2481 856 2527 privatim,
887 2481 935 2515 rel
960 2492 982 2515 α
1008 2480 1186 2514 consulari
1210 2481 1287 2515 *ciro
1314 2484 1440 2515 remota
1469 2480 1710 2515 necessitudine
1728 2481 1877 2527 privata

217 2539 315 2575 debeo
344 2539 538 2584 impetrare.
565 2538 672 2573 Recte
699 2539 910 2585 scripsisset:
939 2550 958 2573 a
986 2542 1030 2584 te,
1059 2538 1112 2572 vel
1139 2538 1250 2572 amico
1276 2538 1451 2585 privatim,
1471 2538 1527 2573 vel
1544 2537 1718 2572 consulari
1736 2537 1875 2572 viro—
