2163 3020
266 254 314 289 28
470 262 782 292 ΟΒΒΕΒΥΑΤΙΟΝΕΞ
806 261 982 290 CRITICAE
1005 262 1055 289 AD
1080 262 1116 290 M.
1139 261 1270 289 TULLH
1295 259 1494 289 CICERONIS
1519 261 1733 290 EPISTOLAS.

264 373 366 397 aures
405 361 560 410 postulat
596 365 634 396 nt
673 372 775 395 aures
815 371 886 395 non
921 359 1126 407 simpliciter
1168 359 1295 394 audire
1321 359 1495 405 dicantur,
1523 358 1581 394 sed
1610 362 1728 406 aperte
1754 370 1793 394 ac
1820 359 1938 406 palam

264 421 396 456 audire.
436 421 561 467 Itaque
596 419 651 454 vel
691 419 782 454 inter
822 419 929 454 verba
967 418 1058 466 qnod
1097 418 1250 453 anciimet
1275 417 1418 465 aliquod
1446 417 1652 453 adverbium
1680 418 1847 453 omissum
1873 421 1936 465 est,

264 479 356 526 quod
382 491 458 514 eam
487 479 558 514 vim
598 478 712 513 verbis
740 477 900 524 addebat,
930 477 987 512 vel
1015 477 1241 512 scribendum
1269 476 1360 524 qnod
1386 476 1568 512 hauriunt.
1608 475 1701 511 Nam
1728 476 1763 511 id
1792 476 1939 511 verbum

264 537 478 586 percipiendi
505 537 577 572 vim
604 537 720 583 habet,
750 540 788 572 ut
816 537 853 571 in
876 536 1095 583 Vergilianis
1124 548 1300 583 vocemque
1325 535 1381 570 his
1407 535 1555 570 auribus
1576 535 1680 570 hausi
1693 538 1726 570 et
1739 535 1940 583 strepitum-

263 609 328 645 que
352 597 538 632 erterritns
565 596 693 631 hausit.
722 595 858 631 Deinde
885 595 1040 641 corrigo:
1069 607 1135 630 non
1165 595 1198 629 in
1227 606 1316 642 quas
1342 594 1421 641 fieta
1437 597 1466 629 et
1479 594 1644 629 sinmlata
1659 596 1819 641 quaestus
1831 605 1937 629 causa

265 655 542 690 insnsmrentur.
571 654 691 690 Potest
718 653 852 700 aliquid
880 657 995 689 astute
1023 656 1057 688 et
1083 653 1217 688 occulte
1245 652 1472 699 insusuriari,
1501 665 1573 688 non
1587 652 1748 698 intelligo
1765 652 1936 698 quomodo

262 713 298 749 id
327 714 400 749 ficri
428 714 506 749 ficte
532 717 566 749 et
593 713 757 748 simulate
784 713 906 761 possit.

315 773 462 809 Ibidem.
504 772 561 808 Sit
596 772 697 807 lictor
732 784 797 807 non
826 784 919 817 suae,
947 770 1006 806 sed
1032 774 1110 806 tuae
1136 770 1290 806 lenitatis
1316 772 1515 819 apparitor.
1555 770 1719 806 Baiterus
1745 782 1789 805 ex
1813 769 1937 806 Ursini

262 832 462 868 coniectura
489 831 615 867 edidit:
646 843 710 866 non
739 843 822 866 suae
848 831 1025 865 saeritiae.
1053 829 1150 865 Wes.
1179 833 1262 865 ante
1287 841 1370 864 suae
1398 829 1454 865 vel
1480 829 1674 864 severitatis
1700 828 1755 863 vel
1774 829 1938 863 saevitiae

261 891 432 927 excidisse
471 890 671 937 suspicatur
711 894 744 925 et
784 889 979 924 chiasmum
1008 888 1231 936 aptissimum
1260 888 1402 923 iudicat.
1443 888 1519 934 Ego
1546 898 1670 922 maneo
1698 887 1735 921 in
1761 886 1936 922 sententia

260 949 345 985 olim
372 949 559 984 enunciata
586 960 668 984 suae
695 952 811 983 ortum
837 960 911 983 esse
938 960 956 982 e
983 947 1188 995 compendio
1217 947 1311 982 vocis
1338 947 1513 993 saevitiae,
1542 957 1687 992 eamque
1702 945 1935 992 corruptelam

260 1007 422 1055 genuisse
450 1010 538 1052 tuae,
567 1007 659 1053 quod
687 1007 845 1054 opposito
873 1006 1026 1041 lenitatis
1054 1005 1224 1040 vocabulo
1251 1005 1410 1040 additum
1437 1008 1500 1040 est.
1527 1004 1579 1040 Ut
1605 1004 1643 1039 in
1669 1004 1779 1039 altera
1798 1007 1936 1039 senten-

258 1066 328 1101 tiae
354 1069 452 1113 parte
478 1065 646 1112 dz'ynitati
671 1064 861 1112 opponitur
880 1066 1044 1112 potestas,
1073 1064 1123 1098 sic
1150 1064 1187 1098 in
1216 1064 1329 1111 priore
1357 1063 1524 1099 saevitiae
1551 1062 1690 1098 lenitas.
1731 1063 1826 1108 Ergo
1853 1062 1936 1097 scri-

259 1124 399 1160 bamus:
427 1125 473 1159 sit
499 1124 600 1159 lictor
626 1136 691 1158 non
719 1124 894 1169 scieritiae,
922 1123 981 1158 secl
1007 1123 1159 1158 lenitatis
1186 1123 1383 1170 apparitor.

309 1183 338 1219 I.
370 1185 400 1229 1,
432 1184 488 1218 16.
516 1183 631 1230 Atque
655 1183 757 1218 etiam
785 1195 802 1217 e
831 1182 977 1217 Graecis
1007 1182 1093 1229 ipsis
1120 1181 1304 1229 (liligyenter
1330 1180 1500 1215 carendae
1525 1182 1606 1215 sunt
1633 1179 1801 1226 quaedam
1828 1178 1936 1225 fanil-

258 1241 443 1277 liaritates.
485 1241 664 1277 Ciceronis
705 1253 789 1276 usus
816 1241 994 1288 postulare
1021 1240 1173 1287 videtur,
1201 1244 1240 1275 ut
1266 1240 1440 1275 scribatur
1469 1239 1504 1273 in
1533 1238 1678 1273 Graecis
1707 1237 1804 1284 ipsis.
1843 1236 1936 1272 Tum

259 1300 317 1336 vel
346 1312 426 1335 cum
452 1300 602 1335 Ernesto
629 1299 798 1347 quaedam
825 1299 1013 1334 delendum
1041 1302 1104 1346 est,
1132 1298 1188 1334 vel
1215 1311 1295 1333 cum
1322 1297 1574 1343 Wesenbergio
1603 1295 1827 1330 statuendum
1853 1297 1936 1330 ante

260 1359 360 1395 illam
388 1370 507 1393 vocem
534 1358 705 1393 excidisse
732 1357 875 1404 aliquod
903 1357 1127 1403 adiectivum,
1156 1357 1254 1392 velut
1284 1357 1435 1391 intimae.
1464 1354 1518 1391 Cf.
1546 1354 1581 1389 id
1608 1353 1700 1401 quod
1727 1365 1833 1400 supra
1851 1353 1935 1388 dici-

260 1421 319 1453 tur
346 1417 388 1452 de
414 1417 691 1463 negotiatoribus
718 1417 737 1463 ξ
768 1418 832 1452 15:
860 1417 893 1451 si
919 1428 1017 1463 quem
1043 1428 1077 1451 es
1103 1419 1235 1462 nactus,
1251 1416 1313 1463 qni
1333 1416 1367 1449 in
1386 1417 1482 1449 tuam
1496 1413 1780 1460 familiaritatem
1794 1412 1934 1459 penitus

260 1477 418 1512 intrarit.
447 1475 513 1510 Sed
541 1475 632 1522 quod
660 1475 818 1522 sequitur
844 1475 894 1509 sic
923 1486 999 1509 vero
1027 1474 1172 1521 fallaces
1198 1476 1279 1509 sunt
1298 1472 1468 1521 permulti
1494 1474 1558 1506 cet.
1580 1471 1655 1506 sine
1671 1482 1775 1505 causa
1789 1469 1936 1505 YVesen-

261 1535 380 1582 bergio
408 1534 579 1582 displicet.
609 1534 670 1570 Sic
700 1546 786 1581 vero,
815 1537 855 1569 ut
884 1536 976 1569 recte
1003 1533 1141 1568 monuit
1166 1533 1207 1569 P.
1234 1532 1431 1578 Manutius,
1452 1530 1547 1566 valet
1562 1529 1654 1565 idem
1672 1532 1777 1576 atque
1791 1531 1828 1563 ut
1845 1540 1936 1564 nunc

257 1598 350 1641 sunt,
378 1598 411 1629 et
439 1593 592 1629 Graecos
633 1593 729 1629 illius
757 1593 883 1628 aetatis
910 1592 1082 1640 plurimos
1111 1591 1256 1641 opponit
1283 1590 1467 1640 perpaucis
1493 1589 1576 1636 illis,
1605 1588 1664 1636 qui
1692 1590 1793 1624 erant
1819 1590 1935 1623 vetere

262 1653 411 1690 Graecia
434 1652 545 1699 digni.

312 1712 342 1749 Ι,
386 1714 418 1758 1,
460 1713 518 1747 21.
559 1710 595 1746 Si
631 1710 741 1746 codici
780 1710 938 1745 Mediceo
976 1709 1079 1745 fidem
1114 1708 1296 1755 habemus,
1338 1707 1431 1755 apud
1459 1706 1498 1743 C.
1527 1705 1715 1742 Octavium
1741 1707 1934 1751 praetorem

259 1770 438 1807 urbanum
472 1769 614 1817 primus
654 1768 754 1803 lictor
794 1767 939 1815 quievit.
985 1767 1052 1803 Sed
1080 1779 1200 1814 quum,
1229 1766 1289 1813 qui
1313 1766 1406 1801 inter
1431 1765 1571 1800 lictores
1598 1762 1792 1811 principem
1817 1761 1934 1797 locum

260 1833 405 1875 teneret,
433 1828 591 1876 proxime
617 1831 700 1863 ante
726 1827 974 1874 magistratum
1001 1826 1077 1872 iret,
1105 1825 1256 1872 indeque
1276 1825 1465 1873 proximus
1491 1823 1591 1858 lictor
1617 1820 1854 1869 appellaretur
1880 1820 1934 1866 (ut

260 1888 353 1937 apud
380 1887 524 1923 Livium
550 1886 694 1922 XXIV.
723 1887 782 1922 44.
809 1885 892 1921 val.
920 1885 1019 1920 Max.
1043 1884 1093 1920 ΙΙ.
1124 1885 1156 1931 2,
1186 1885 1207 1919 4
1235 1887 1270 1919 et
1295 1883 1333 1918 in
1358 1883 1531 1930 inscriptt.
1560 1880 1620 1916 Or.
1649 1880 1721 1915 794
1748 1881 1783 1913 et
1808 1878 1932 1924 3218),

254 1949 442 1997 proximus
468 1946 569 1981 lictor
596 1958 640 1981 ex
667 1945 792 1981 Orellii
820 1944 1032 1980 correctione
1060 1956 1080 1979 a
1097 1943 1457 1989 Wesenbergiorecte
1471 1940 1676 1976 restitutum
1694 1941 1757 1973 est.
1786 1937 1932 1985 Saepius

255 2008 400 2056 primus
438 2010 473 2042 et
492 2006 680 2053 proximus
706 2006 781 2053 (per
807 2004 1051 2052 compendium
1079 2003 1209 2051 scripta
1230 2013 1359 2051 prmus
1382 2004 1416 2037 et
1436 2000 1581 2048 patmus)
1609 1999 1864 2046 permutantur,
1892 1999 1933 2031 ut

260 2067 455 2102 docuerunt
481 2064 750 2112 Oudendorpius
776 2063 819 2099 ad
847 2063 942 2099 Suet.
971 2062 1069 2098 Caes.
1099 2063 1158 2108 50,
1186 2061 1338 2097 Wexius
1364 2060 1408 2095 ad
1435 2059 1519 2095 Tac.
1546 2057 1667 2104 Agric.
1695 2069 1728 2104 p.
1746 2056 1803 2090 86.
1831 2054 1932 2098 Quod

259 2124 462 2172 Malaspina
488 2122 628 2158 volebat
654 2123 749 2170 apud
776 2135 871 2170 quem
900 2122 1062 2170 primum
1088 2121 1190 2156 lector
1217 2120 1355 2168 quievit,
1392 2117 1647 2166 repudiandum
1674 2118 1737 2161 est,
1766 2113 1932 2160 quoniam

259 2185 420 2232 ineptum
459 2186 511 2218 est
536 2182 674 2218 credere
701 2181 841 2217 nullum
868 2185 950 2217 ante
977 2180 1016 2217 O.
1045 2180 1234 2216 Octavium
1260 2179 1368 2214 fuisse
1395 2177 1641 2224 magistratum
1667 2173 1844 2218 maiorem,
1872 2172 1933 2219 qui

260 2243 394 2279 lictoris
420 2241 630 2277 insolentiae
656 2241 817 2277 resistere
843 2252 950 2275 ausus
978 2240 1035 2282 sit,
1063 2250 1213 2286 eumque
1237 2237 1391 2286 primum
1417 2235 1525 2271 fuisse
1550 2233 1657 2269 huius
1675 2231 1725 2267 rei
1741 2233 1931 2266 auctorem.

309 2300 514 2337 Severitatis
553 2299 590 2334 in
630 2299 749 2334 eodem
782 2298 847 2334 hoc
886 2297 1030 2346 ponitur
1069 2296 1289 2344 exemplum:
1319 2295 1379 2342 qui
1407 2295 1443 2329 in
1470 2289 1735 2340 maqistratibus
1764 2288 1933 2323 iniuriose

258 2358 488 2404 decret-erant,
516 2357 629 2393 eodem
656 2358 745 2405 ipsis
765 2357 923 2405 privatis
950 2358 1024 2391 erat
1054 2355 1129 2390 iure
1148 2354 1359 2403 parendum.
1374 2351 1557 2388 Sententia
1570 2349 1728 2398 requirit,
1745 2350 1785 2383 ut
1802 2346 1933 2382 scriba-

257 2421 331 2454 tur:
368 2417 476 2453 eidem
517 2417 603 2464 ipsi-s
624 2417 782 2464 privatis
807 2419 881 2451 erat
911 2415 984 2450 iuri
1004 2414 1204 2462 parendum
1230 2425 1267 2449 οε
1294 2412 1362 2461 ipsi
1389 2410 1545 2460 deposito
1571 2408 1782 2456 magistratu
1808 2416 1931 2454 parere

256 2476 431 2512 debebant
458 2475 580 2511 iisdem
607 2475 766 2511 decretis.

306 2535 336 2571 I.
368 2537 398 2581 l,
428 2535 487 2570 22.
529 2534 650 2570 Cicero
676 2546 777 2581 saepe
804 2534 964 2570 nominat
989 2544 1131 2582 maynos
1160 2532 1266 2578 τίνοε,
1292 2529 1406 2565 rarius
1432 2537 1597 2575 maymcm
1622 2523 1804 2569 hominem,
1832 2520 1932 2556 velut
