2163 3020
268 268 314 302 35
483 273 794 303 OBSERVATIONES
817 272 994 302 CRITICAE
1017 272 1068 300 AD
1092 273 1128 301 M.
1151 272 1282 301 TULLII
1305 271 1502 300 CICERONIS
1525 271 1740 301 EPISTOLAS.

269 371 401 406 buntur
427 376 461 407 et
488 375 627 406 veneunt
655 371 871 418 disiuugcret
898 383 959 419 per
986 374 1015 406 et
1043 392 1089 396 —
1117 374 1157 417 et,
1186 383 1298 418 neque
1324 370 1494 417 agebatur
1520 370 1562 406 de
1579 370 1680 406 libris
1698 374 1773 406 tum
1792 371 1944 419 primum

270 432 422 479 scriptis,
463 431 521 466 sed
561 431 602 466 de
638 430 738 466 libris
775 431 971 479 descriptis.
1014 430 1096 466 Non
1124 434 1242 465 tamen
1269 433 1391 464 auctor
1418 441 1507 475 sum,
1535 432 1574 464 ut
1600 441 1662 477 pro
1689 432 1719 464 et
1742 429 1947 465 scribuntur

269 499 460 537 reponatur
499 489 753 535 describum‘m‘,
794 494 834 525 ut
872 489 1142 537 Peerlkampius
1182 489 1218 523 in
1259 488 1399 523 Horatii
1440 487 1512 523 Sat.
1541 488 1590 523 ΙΙ.
1622 489 1654 534 1,
1686 489 1729 523 16
1757 487 1949 523 describere

272 548 530 584 commendavit
569 560 630 596 pro
669 551 698 583 et
736 548 895 584 scribere.
938 547 1096 583 Emendo
1135 547 1252 595 potius
1293 546 1547 592 morabuntur,
1584 546 1675 593 quod
1702 546 1849 581 verbum
1876 558 1948 582 non

264 608 391 642 ‘miuus
421 620 525 654 quam
553 607 641 642 illud
669 608 706 642 in
733 620 799 643 usu
825 608 933 643 fuisse
960 607 1152 642 ostendunt.
1179 606 1251 642 Cic.
1281 606 1317 641 in
1344 605 1446 641 Verr.
1476 606 1557 641 Act.
1587 617 1653 641 sec.
1682 605 1731 641 II.
1763 606 1832 640 189
1851 606 1949 641 tabu-

272 667 325 702 las
366 667 399 701 iu
441 666 521 712 foro
546 687 596 693 —
622 666 787 713 arseribo,
816 666 1026 701 adhibentur
1055 667 1091 701 iu
1118 665 1337 701 exscribendo
1364 665 1404 700 de
1430 668 1592 700 conventu
1619 665 1692 699 <viri
1710 665 1888 712 primarii
1914 668 1949 700 et

273 727 322 762 M.
352 726 444 761 filius
472 726 507 761 in
535 738 588 773 cp.
616 725 659 761 ad
688 725 854 761 Tironem
882 726 980 761 Fam.
1008 725 1114 760 XVI.
1145 726 1201 771 21,
1247 730 1268 759 ὃ
1296 724 1443 759 multum
1469 724 1557 758 milii
1583 724 1736 771 eripitur
1762 736 1885 772 operae
1913 725 1948 759 in
1971 752 1974 755 ,

271 784 504 820 ‹›.1·s‹·›·ibendis
528 785 813 832 hypomnematis.
850 785 1060 832 Saepissime
1087 787 1205 819 autem
1232 783 1497 818 confunduntur
1523 786 1553 817 et
1568 786 1602 818 et
1619 794 1669 817 esc.
1697 782 1750 818 Cf.
1767 783 1949 818 Drakenb.

272 844 314 879 ad
344 844 422 879 Liv.
450 843 594 879 XXVI.
623 846 682 889 45,
714 846 728 878 1
761 848 795 878 et
822 844 991 879 YVesenb.
1020 843 1098 879 Em.
1126 843 1188 878 alt.
1218 855 1250 890 p.
1281 844 1340 878 49.
1370 842 1414 877 In
1441 842 1582 877 Horatii
1610 842 1674 890 Ep.
1703 842 1747 877 ad
1775 842 1846 877 Pis.
1876 843 1947 877 217

274 915 354 939 cum
382 903 460 938 Nic.
488 903 637 938 Heinsio
663 902 785 937 ertulit
811 903 968 951 praefero
993 903 1198 950 scriptume,
1228 914 1316 948 quae
1343 901 1478 936 codices
1505 906 1539 936 et
1570 901 1741 936 editiones
1765 900 1952 948 occupavit

272 962 319 997 Et
358 962 437 996 tulit
475 961 648 1008 eloquium
690 961 868 996 insolitum
901 961 1074 1008 facundia
1096 972 1278 1008 praeceps.
1321 960 1485 996 Iuvenali
1513 972 1650 1007 quoque
1678 960 1715 995 in
1743 960 1815 995 Sat.
1844 959 1873 995 I.
1904 961 1949 994 76

274 1021 458 1056 reddamus
485 1032 588 1055 suum
614 1021 811 1067 Arqeur'um
841 1024 944 1066 retus,
973 1023 1161 1055 erstautem
1187 1023 1286 1054 (κεῖνα
1306 1019 1436 1067 pocula
1462 1031 1618 1067 caprum,
1647 1023 1686 1054 ut
1704 1019 1815 1054 multo
1834 1020 1952 1066 aptius

272 1085 306 1114 et
342 1079 538 1125 elegantius
578 1091 684 1125 quam
721 1079 813 1126 quod
854 1079 970 1114 editur
1011 1082 1041 1114 et
1077 1082 1233 1114 stantem.
1275 1079 1328 1114 Cf.
1367 1078 1485 1114 Ovidii
1526 1079 1610 1114 Met.
1639 1078 1684 1114 V.
1714 1080 1757 1113 81
1787 1079 1845 1114 secl
1870 1079 1954 1114 altis

273 1139 475 1174 Exstautem
515 1139 629 1185 siquis
668 1160 715 1163 —
755 1138 845 1173 tollit
886 1142 1032 1173 cratera.
1079 1138 1151 1173 Vix
1189 1150 1327 1185 quoque
1354 1138 1476 1172 dubito
1503 1137 1544 1172 de
1570 1138 1718 1172 veritate
1744 1138 1953 1186 suspicionis

274 1197 511 1244 Peerlkampii
552 1197 590 1231 in
629 1197 721 1232 Aen.
760 1197 788 1232 I.
833 1198 902 1231 179
944 1197 1133 1244 fruyesque
1170 1199 1321 1244 receptas
1360 1196 1552 1231 Eartorrere
1585 1199 1721 1243 parant
1746 1196 1900 1242 flammis
1924 1200 1954 1232 et

275 1255 442 1302 franyere
467 1266 551 1289 saxo
575 1259 753 1302 praestare
778 1255 924 1301 vulgato
951 1255 999 1290 Et
1027 1258 1160 1290 torrere
1187 1276 1234 1280 -
1261 1258 1291 1290 et
1317 1254 1495 1302 frauyere.

328 1315 473 1350 Ibidem.
527 1314 625 1358 Quae
661 1315 782 1349 statim
818 1318 1035 1362 sequuntur:
1076 1314 1255 1361 Crebrius,
1297 1317 1334 1349 ut
1372 1317 1451 1349 ante
1489 1313 1536 1348 ad
1574 1317 1604 1348 te
1642 1314 1782 1361 scripsi,
1822 1314 1955 1349 Romae

279 1377 326 1410 est
363 1377 393 1409 et
424 1374 487 1420 qui
525 1374 643 1408 omnia
673 1373 820 1408 adiurat
846 1374 964 1409 debere
989 1374 1063 1416 tibi,
1092 1374 1191 1409 valde
1218 1374 1432 1419 reuwztiaut,
1461 1384 1532 1407 non
1559 1376 1631 1407 tam
1658 1372 1731 1407 leni
1757 1373 1955 1408 mutatione

279 1432 476 1479 integritati
502 1432 640 1467 restitui
668 1436 828 1479 possunt.
859 1432 1037 1478 Crebrius,
1066 1445 1197 1468 nomen
1225 1432 1380 1467 hominis
1407 1431 1530 1478 ignoti,
1560 1431 1741 1478 ingeniose
1758 1431 1804 1466 ab
1819 1431 1951 1468 Orellio

280 1496 436 1527 mutatus
465 1495 517 1526 est
544 1491 581 1525 in
611 1490 649 1528 C.
677 1491 832 1537 Rebilus,
860 1504 964 1539 quem
991 1492 1135 1527 biennio
1162 1495 1241 1539 post
1268 1491 1429 1528 Caesaris
1455 1491 1492 1526 in
1520 1490 1640 1526 Gallia
1666 1490 1822 1537 legatum
1844 1491 1953 1527 fuisse

280 1551 409 1586 scimus
447 1562 466 1585 e
505 1550 602 1586 Caes.
643 1550 685 1586 B.
726 1550 770 1586 G.
809 1551 895 1587 VII.
926 1553 973 1587 83
1008 1556 1042 1587 et
1071 1552 1128 1587 90.
1170 1551 1334 1587 Fortasse
1361 1551 1426 1586 hoc
1454 1553 1608 1598 tempore
1636 1550 1673 1585 in
1701 1550 1743 1593 Q.
1772 1549 1952 1587 Ciceronis

279 1609 416 1656 legione
442 1609 610 1655 centurio,
639 1614 674 1645 et
700 1615 896 1645 commeatu
923 1615 1066 1658 accepto
1092 1611 1131 1646 in
1158 1611 1244 1646 urbe
1270 1614 1355 1646 erat.
1383 1610 1530 1645 adiurat
1555 1621 1573 1644 e
1600 1609 1692 1645 Med.
1714 1609 1832 1645 minus
1847 1623 1952 1657 quam

280 1668 372 1716 quod
418 1668 472 1704 W.
501 1680 518 1703 e
545 1668 663 1703 codice
689 1668 784 1704 Crat.
812 1670 943 1717 recepit
967 1670 1102 1705 adnuat
1129 1682 1150 1705 a
1176 1681 1258 1705 vero
1285 1669 1460 1704 discedere
1487 1668 1636 1703 videtur.
1689 1668 1814 1703 Deleta
1840 1669 1953 1716 prima

278 1728 391 1768 litera,
428 1739 517 1774 quae
543 1739 561 1762 e
588 1739 700 1775 praec.
741 1740 825 1764 voce
851 1729 969 1763 omnia
995 1741 1109 1764 errore
1136 1729 1274 1764 librarii
1306 1728 1455 1775 repetita
1481 1727 1631 1774 videtur,
1659 1740 1789 1775 repono
1816 1728 1954 1764 dixerat

280 1791 314 1822 et
341 1799 359 1821 e
387 1786 593 1820 renum-iant
618 1790 653 1821 et
679 1798 750 1833 seq.
778 1787 821 1822 ab
844 1799 927 1822 eruo
955 1791 985 1822 te
1012 1800 1102 1822 nuuc
1132 1788 1247 1823 iactat.
1275 1787 1332 1822 Ita
1359 1787 1470 1822 oritur
1497 1786 1672 1822 sententia
1699 1787 1805 1834 plana
1832 1791 1865 1822 et
1880 1800 1956 1835 per-

281 1845 420 1893 spicua:
453 1844 490 1880 C.
518 1844 663 1880 Rebilus
689 1866 736 1871 —
765 1845 897 1881 Romae
923 1849 980 1892 est,
1009 1849 1039 1881 et
1065 1847 1126 1894 qui
1152 1847 1270 1881 omnia
1297 1846 1435 1880 dixerat
1461 1845 1578 1880 debere
1605 1844 1678 1889 tibi,
1710 1845 1806 1880 valde
1820 1849 1956 1881 teuuuc

283 1905 397 1938 iactat.
426 1903 562 1938 Iactare
589 1903 742 1950 aliquem
770 1909 804 1939 et
830 1905 966 1951 agitare
993 1910 1047 1940 est
1074 1905 1240 1941 insectari
1268 1905 1409 1940 iniuriis
1437 1904 1492 1939 vel
1518 1904 1691 1949 irrisione,
1715 1904 1813 1939 velut
1832 1904 1953 1940 Divin.

281 1962 319 1997 iu
347 1962 446 1997 Caec
476 1963 521 1996 45
550 1965 580 1996 te
607 1983 653 1987 —
681 1963 967 2009 quemadmodum
992 1964 1038 1998 sit
1065 1964 1239 2009 elusurus,
1257 1975 1360 2011 quam
1374 1963 1469 1997 omui
1483 1963 1617 1997 ratione
1633 1963 1826 1998 iactaturus
1842 1963 1956 1999 videre

285 2022 355 2055 iam
384 2020 511 2056 videor.
540 2021 639 2056 Fam.
667 2021 698 2057 Ι.
727 2023 747 2056 5
764 2022 797 2068 b,
829 2024 845 2057 1
876 2023 1024 2057 clamore
1049 2023 1268 2070 convicioque
1294 2023 1443 2058 iactatus
1457 2021 1573 2057 estes.
1602 2021 1803 2057 Ellendtius
1820 2022 1864 2057 ad
1881 2022 1954 2059 Cic.

281 2079 384 2116 Brut.
414 2079 496 2114 109.

336 2138 484 2174 Ibidem.
538 2139 634 2173 Ante
660 2139 802 2173 aerario
826 2139 958 2174 excidit
984 2140 1035 2176 de.
1066 2140 1187 2176 Cicero
1216 2140 1379 2188 scripsit:
1407 2140 1462 2175 De
1487 2139 1629 2174 aerario
1648 2143 1737 2186 puto
1764 2139 1956 2186 confectum

285 2209 365 2243 esse,
393 2201 432 2232 ut
456 2197 534 2232 Att.
562 2196 591 2232 Ι.
621 2198 653 2242 5,
683 2198 705 2231 4
732 2197 787 2232 De
812 2198 1020 2233 Acutiliano
1045 2199 1177 2245 neqotio
1202 2198 1294 2246 quod
1321 2198 1409 2233 mila?
1434 2197 1628 2233 mandaras
1654 2220 1701 2223 —
1729 2198 1954 2244 confeceram.

286 2255 376 2291 XII.
403 2256 460 2301 19,
492 2257 509 2289 1
552 2258 589 2289 tu
629 2277 676 2281 —
718 2256 841 2302 confice
875 2256 916 2291 de
952 2257 1132 2293 columnis.
1187 2258 1228 2300 Q.
1267 2257 1308 2292 fr.
1338 2257 1387 2292 ΙΙ.
1416 2259 1450 2303 4,
1479 2258 1499 2292 2
1526 2256 1580 2292 De
1606 2260 1725 2292 nostra
1760 2257 1881 2293 Tullia
1909 2280 1956 2283 —

289 2326 390 2362 spero
416 2326 493 2349 cum
524 2313 732 2362 Crassipede
758 2327 818 2349 uos
845 2316 1040 2363 confecisse,
1076 2328 1147 2352 non
1175 2316 1267 2363 quod
1295 2316 1410 2352 editur
1436 2315 1479 2351 ab
1504 2316 1656 2351 aerario,

338 2373 408 2408 III.
439 2374 471 2418 7,
504 2375 534 2408 1.
587 2373 719 2408 Romae
753 2377 782 2408 et
809 2375 959 2409 maxime
985 2378 1015 2409 et
1041 2376 1164 2423 Appia
1192 2387 1213 2410 a
1240 2375 1375 2410 Martis
1401 2375 1494 2409 mira
1522 2374 1632 2409 luvies
1659 2374 1693 2409 in
1722 2374 1878 2410 Mediceo
1905 2378 1959 2410 est

288 2445 309 2467 a
337 2432 448 2479 prima
475 2444 594 2478 manu,
631 2433 755 2468 deinde
782 2435 812 2467 et
838 2436 920 2468 ante
947 2434 1070 2481 Appia
1097 2437 1314 2481 expunctum
1342 2437 1376 2469 et
1396 2434 1578 2481 proluvies
1603 2437 1808 2468 correctum.
1849 2433 1957 2469 Recte

290 2490 566 2537 &Vesenbergius
593 2491 670 2526 Em.
698 2491 760 2527 alt.
789 2504 820 2539 p.
851 2493 896 2527 77
924 2492 1014 2528 vidit
1041 2493 1171 2539 requiri
1200 2493 1238 2528 in
1264 2493 1387 2540 Appia
1416 2492 1473 2535 (cf.
1502 2493 1601 2528 Fam.
1628 2492 1676 2527 X.
1707 2492 1801 2535 30,4
1827 2492 1863 2526 in
1881 2492 1958 2539 ipsa

285 2549 446 2585 ‚Aemilia
473 2570 520 2575 —
548 2549 610 2584 (liu
645 2553 845 2597 puynatum
871 2553 929 2586 est.
958 2563 990 2598 p.
1019 2551 1097 2586 Mil.
1128 2553 1172 2586 15
1199 2551 1240 2586 de
1266 2551 1374 2597 caede,
1415 2562 1503 2597 quae
1531 2551 1567 2585 in
1594 2551 1716 2597 Appia
1743 2551 1839 2597 facta
1865 2555 1960 2600 esset,
