2163 3020
277 254 323 289 26
472 262 783 292 OBSERVA'rmNEs
806 261 981 290 CRI'HCAE
1005 261 1056 289 AD
1081 261 1118 290 M.
1140 261 1269 290 TULLII
1294 261 1494 290 cicERONIS
1517 261 1732 290 EPIS'POLAS.

275 362 404 409 quibus
440 361 556 407 facere
582 372 658 395 cam
685 360 758 395 vim
786 360 913 395 habere
939 362 1088 394 constat.
1116 359 1189 394 Nec
1217 360 1369 395 inveniri
1399 372 1498 407 posse
1525 363 1610 407 puto
1639 362 1881 407 praeterquam
1910 359 1948 395 in

278 420 361 467 imp.
389 419 458 465 fac.
488 419 634 454 Frustra
662 422 779 453 autem
808 418 948 453 Cortius
975 417 1091 464 facere
1117 417 1258 465 propria
1285 430 1348 453 sua
1377 418 1520 453 notione
1546 429 1626 453 cum
1650 417 1827 453 infinitivo
1850 416 1951 463 iungi

279 479 433 526 potuisse
472 477 632 525 exemplo
672 476 784 512 Servii
812 476 960 524 Sulpicii
989 488 1032 511 ex
1059 488 1113 524 ep.
1141 475 1207 511 IV.
1239 477 1295 522 12,
1327 477 1341 511 1
1374 476 1540 512 defendit.
1592 476 1685 512 Nam
1712 476 1762 511 ibi
1788 475 1951 511 Martini-

280 537 427 583 Laguua
454 540 490 572 et
519 536 793 582 NVcseubergius
819 540 897 583 post
926 536 1038 570 visum
1064 538 1111 570 est
1138 535 1340 581 faciendum
1368 547 1428 583 pro
1458 547 1516 571 vos
1533 536 1693 571 certiores
1709 535 1824 582 facere
1836 546 1953 570 emen·

276 595 426 631 darunt:
459 598 494 630 ut
524 607 580 630 ros
607 596 769 630 certiores
796 595 946 642 facerem
961 608 974 637 ,·
1000 598 1035 629 et
1060 594 1088 629 si
1117 594 1171 629 vcl
1201 594 1353 629 maxime
1381 594 1523 630 Servius
1551 595 1640 630 illud
1665 594 1871 642 scripsisset,
1894 593 1952 629 Oi-

276 666 399 690 cerone
426 659 517 689 certe
546 654 638 689 idem
665 654 852 701 indignum
879 658 942 689 est.
972 653 1065 688 Nam
1093 666 1224 699 corum,
1253 666 1341 700 quae
1370 653 1537 700 leguntur
1564 654 1601 689 in
1627 666 1681 701 ep.
1709 653 1753 688 ad
1781 653 1822 696 Q.
1850 653 1892 689 fr.
1919 653 1949 689 I.

278 714 311 758 3,
341 714 381 748 6:
420 713 517 748 Illud
544 713 679 761 quidem
709 725 766 748 nec
793 712 993 759 faciendum
1024 716 1071 747 est
1097 724 1155 747 neo
1181 712 1261 759 fieri
1281 715 1403 760 potest,
1432 725 1483 748 me
1509 712 1707 748 (Zz‘ute'zcs—
1725 713 1761 747 in
1787 715 1858 747 tam
1887 712 1952 747 mi-

277 783 355 806 sera
385 773 453 806 rita
481 773 692 807 commorari
719 771 789 807 alia
817 772 906 807 ratio
934 775 995 806 cst.
1025 771 1080 806 Ibi
1110 783 1181 808 acc.
1208 783 1287 806 cum
1315 771 1378 807 inf.
1408 783 1458 806 me
1481 771 1751 806 —commorarc'
1763 774 1815 806 cst
1829 782 1952 818 epexe-

273 831 366 875 gesis
405 830 623 877 pronominis
667 830 755 865 illud
791 834 825 866 et
864 842 953 877 quae
988 832 1185 877 sequuntur
1220 833 1255 864 nt
1282 851 1329 855 —
1350 830 1484 877 possim
1520 829 1673 877 pendent
1699 841 1720 864 a
1747 829 1862 864 verbis
1891 840 1948 864 nec

275 888 475 935 faciendum
514 893 561 924 est
603 901 660 924 nec
700 888 781 936 fieri
814 891 935 936 potest.
976 888 1052 924 Neo
1077 888 1190 935 magis
1218 888 1301 923 licet
1328 900 1409 924 cum
1436 888 1501 923 hoe
1528 887 1603 923 loco
1631 898 1831 935 comparare
1858 887 1949 934 quod

276 947 405 993 legitur
432 948 469 982 in
497 948 569 983 Cic.
598 947 719 983 libello
746 948 788 983 dc
817 951 887 995 opt.
915 960 994 993 gen.
1023 951 1110 982 orat.
1143 949 1185 982 17
1215 948 1402 982 Isocratem
1431 947 1536 983 Plato
1566 948 1599 982 ῖη
1626 946 1789 982 Phaedro
1805 946 1952 981 laudari

273 1005 356 1052 fecit
389 1018 410 1040 a
462 1006 613 1052 Socrate,
642 1007 703 1041 ubi
730 1006 843 1041 facere
871 1006 977 1041 habet
1004 1006 1170 1041 narrandi
1199 1007 1254 1042 vel
1283 1007 1458 1042 scribendi
1486 1007 1570 1042 vim.
1612 1006 1742 1042 Poetae
1768 1006 1817 1040 sie
1843 1005 1951 1040 locuti

272 1067 366 1110 sunt,
407 1064 505 1099 velut
540 1065 722 1111 Vergilius
762 1065 853 1100 Aen.
882 1065 932 1100 Π.
971 1066 1042 1100 538
1072 1066 1147 1100 nati
1172 1077 1224 1100 me
1250 1077 1386 1101 cernere
1412 1077 1530 1101 coram
1556 1065 1660 1101 letum
1685 1064 1811 1111 fecisti.
1856 1064 1950 1111 Ergo

273 1122 369 1169 facio
407 1124 574 1158 vitiosum
616 1127 678 1159 est.
720 1124 896 1159 Corradus
924 1135 986 1171 pro
1013 1136 1052 1159 eo
1079 1124 1182 1158 affert
1207 1125 1301 1159 seito.
1356 1124 1448 1159 Mihi
1475 1125 1513 1159 in
1539 1128 1693 1160 mentem
1722 1123 1819 1158 venit
1845 1122 1951 1170 facile

264 1182 389 1230 patior
416 1194 466 1216 me
491 1182 584 1217 alias
612 1194 665 1217 res
691 1194 793 1229 assere
818 1195 859 1217 o:
888 1182 1040 1217 libenter
1068 1182 1148 1217 aliis
1176 1183 1280 1218 rebus
1308 1194 1405 1218 vaco.
1433 1182 1477 1218 cf.
1506 1182 1583 1218 Att.
1611 1182 1720 1218 XIII.
1751 1183 1809 1228 23,
1838 1184 1868 1218 1.
1895 1181 1952 1228 fa-

271 1240 334 1275 cile
354 1241 517 1288 patiebar
545 1253 605 1276 nos
626 1242 748 1288 potins
775 1241 905 1276 Romae
935 1253 1003 1276 mea
1031 1253 1099 1275 esse
1127 1253 1230 1289 quam
1259 1241 1295 1275 in
1330 1241 1541 1277 Tusculano.
1561 1241 1736 1277 —Paulo
1754 1244 1846 1288 ante,
1863 1252 1951 1288 quae

271 1299 390 1336 Cicero
429 1300 531 1347 fingit
567 1301 731 1337 Cassium
771 1300 838 1335 sibi
867 1300 1101 1346 obiicientem,
1143 1312 1215 1335 non
1242 1304 1281 1334 ut
1309 1300 1416 1347 vulgo
1443 1301 1596 1336 ereditur
1623 1301 1831 1336 affirmative
1859 1300 1952 1336 dicta

273 1363 368 1405 sunt,
397 1359 456 1394 sed
483 1359 727 1406 quaestionem
755 1360 958 1395 continent:
995 1359 1125 1394 Ridere
1154 1360 1264 1406 iffl'tm·
1290 1381 1340 1385 -—
1361 1360 1580 1407 pos-smmis?
1607 1359 1650 1395 cf.
1678 1361 1755 1395 Att.
1783 1359 1831 1395 X.
1864 1360 1897 1405 8,
1928 1360 1950 1394 4

272 1417 439 1453 classibus
465 1418 731 1454 adversabimur
760 1419 898 1466 iyitur?
937 1431 970 1467 p.
1000 1418 1094 1454 Cael.
1126 1419 1171 1454 39
1200 1418 1286 1453 (licet
1312 1418 1467 1466 aliqui-5:
1493 1418 1574 1454 haec
1600 1419 1712 1466 iqe'tm·
1739 1421 1787 1454 est
1813 1421 1873 1453 tua
1899 1418 1953 1454 di-

274 1476 426 1523 sciplina
437 1477 456 1511 ?

323 1534 397 1570 XV
437 1536 494 1582 21,
524 1537 558 1571 5.
610 1535 796 1583 Reliquum
823 1539 880 1583 est,
911 1539 947 1571 ut
973 1539 1068 1570 tuam
1090 1536 1343 1583 profectionem
1369 1547 1699 1584 arnoreprosequar,
1724 1535 1873 1570 reditum
1889 1546 1948 1582 spe

274 1597 467 1642 exspectem,
497 1593 665 1629 absentem
694 1595 859 1630 meritoria
887 1594 1006 1630 colam.
1035 1595 1112 1630 Aut
1140 1594 1365 1630 scribendum
1391 1594 1526 1630 duabus
1541 1594 1668 1629 litteris
1683 1593 1870 1641 geminatis
1888 1592 1946 1629 αῖ)-

270 1655 396 1688 sentem
424 1655 454 1687 te
476 1653 641 1687 memoria
669 1652 788 1699 colam,
816 1656 878 1688 aut
905 1665 985 1688 cum
1012 1653 1187 1688 Lambino
1215 1653 1404 1689 absentiam
1432 1653 1686 1699 corrigendum.

323 1710 427 1746 XVI.
457 1711 490 1758 8,
520 1712 552 1747 2.
606 1711 683 1759 qu
709 1714 798 1746 certe
822 1711 978 1759 singulos
1003 1712 1077 1747 eius
1106 1724 1222 1747 versus
1235 1712 1375 1759 sinquloe
1388 1713 1462 1747 eius
1475 1712 1670 1747 testimonia
1681 1714 1780 1759 puto.
1799 1711 1947 1746 Frustra

274 1768 427 1805 Orellius
454 1772 489 1805 et
514 1769 702 1814 Krausius,
730 1769 843 1817 Epist.
872 1770 1008 1806 emend.
1036 1783 1070 1818 p.
1099 1771 1144 1806 36
1173 1782 1209 1806 se
1237 1773 1423 1817 vexarunt,
1452 1773 1490 1805 ut
1517 1770 1667 1805 alterum
1692 1770 1766 1805 eius
1785 1769 1947 1805 emenda-

274 1832 364 1864 rent.
392 1828 499 1863 Recte
526 1828 762 1864 Buechelerus
789 1828 878 1863 vidit
904 1840 922 1863 e
948 1841 1057 1876 prava
1084 1828 1291 1876 repetitione
1316 1832 1440 1864 natum
1467 1840 1540 1864 esse
1567 1831 1601 1863 et
1627 1828 1665 1863 in
1691 1839 1754 1863 sua
1780 1827 1822 1871 Q.
1850 1827 1948 1863 Cice-

275 1887 370 1922 ronis
410 1887 639 1934 reliquiarum
674 1887 837 1933 editione,
875 1899 964 1934 quae
1001 1887 1143 1935 Lipsiae
1179 1900 1211 1923 a.
1243 1888 1338 1923 1869
1369 1887 1508 1935 prodiit,
1536 1886 1675 1933 delevit,
1703 1890 1743 1922 ut
1768 1886 1838 1921 iam
1864 1889 1947 1921 ante

275 1958 356 1982 eum
382 1945 420 1980 in
447 1945 695 1987 Cratandrina,
720 1945 969 1992 Lambiniana,
998 1945 1217 1981 Schiitziana
1243 1946 1412 1981 omissum
1439 1949 1502 1981 est.
1531 1945 1748 1980 Testimonia
1771 1945 1841 1980 fere
1854 1945 1946 1980 idem

275 2007 360 2040 sunt
397 2006 503 2050 atque
541 2015 664 2050 graves
691 2004 896 2040 sententiae.
925 2004 970 2039 In
998 2004 1166 2052 Euripide
1194 2007 1279 2051 quot
1304 2016 1426 2040 versus
1454 2007 1507 2039 tot
1532 2003 1737 2050 sententiae,
1763 2015 1852 2051 quae
1877 2003 1947 2038 fere

277 2061 470 2098 testimonii
496 2062 570 2097 vim
596 2061 738 2098 habent.
777 2063 833 2098 Ita
866 2062 1071 2099 Wielandus
1090 2063 1268 2098 intellexit
1286 2066 1441 2098 vertens:
1474 2063 1550 2109 „bei
1563 2062 1631 2098 mir
1645 2062 1711 2110 gili
1721 2063 1819 2111 jeder
1834 2063 1947 2098 seiner

277 2121 389 2157 Verse
415 2132 453 2156 so
480 2120 561 2167 viel,
589 2120 643 2156 als
665 2121 722 2156 ein
749 2121 957 2167 geriehtlich
985 2121 1229 2157 beschwornes
1257 2121 1466 2168 Zeugnisz.”

327 2179 433 2216 XVI.
465 2183 521 2227 11,
551 2181 583 2215 2.
637 2180 767 2216 Caesar
806 2181 1039 2228 vituperatur,
1082 2181 1144 2228 qui
1179 2181 1367 2216 exercitum
1393 2183 1422 2215 et
1443 2180 1667 2228 provinciam
1694 2180 1802 2215 itzvz‘to
1826 2182 1947 2215 senatu

278 2243 411 2276 teneret.
438 2239 506 2275 Ille
532 2251 614 2275 vero
640 2250 711 2274 non
738 2240 966 2287 provinciam,
1008 2239 1066 2275 sed
1089 2240 1299 2288 provincias
1325 2239 1477 2286 tenebat,
1507 2238 1661 2274 Galliam
1687 2238 1887 2274 ulteriorem
1913 2241 1947 2274 et

276 2298 482 2344 citeriorem,
525 2301 563 2333 ut
603 2300 654 2333 est
693 2297 731 2332 in
769 2309 822 2345 ep.
868 2299 924 2344 12,
967 2299 999 2344 3,
1039 2298 1114 2333 sive
1158 2297 1307 2344 Gallias,
1336 2300 1375 2332 ut
1401 2297 1550 2344 legimus
1577 2296 1661 2344 ibid,
1690 2297 1712 2332 4
1740 2309 1781 2332 ne
1809 2297 1948 2333 Gallias

275 2358 456 2392 amitteret.
487 2356 722 2392 Conferantur
748 2368 837 2404 quae
864 2357 1063 2392 monuimus
1092 2357 1135 2392 ad
1162 2356 1270 2392 VIII.
1301 2357 1333 2403 9,
1361 2358 1394 2391 5.

329 2415 434 2451 XVI.
467 2417 523 2461 16,
553 2417 585 2451 2.
641 2415 684 2452 Si
711 2437 757 2442 —
785 2415 874 2451 mihi
906 2415 1016 2452 Statii
1051 2415 1201 2463 fidelitas
1237 2418 1285 2451 est
1315 2418 1432 2450 tantae
1457 2414 1638 2464 voluptati,
1666 2415 1790 2463 quanti
1815 2425 1883 2450 esse
1911 2415 1946 2450 e'n

280 2475 345 2510 isto
371 2474 530 2521 (Tirone)
557 2474 639 2509 haec
665 2475 782 2511 eadem
807 2474 894 2510 bona
920 2474 1047 2510 debent.
1088 2474 1245 2511 Pluralis
1271 2474 1352 2509 haec
1378 2473 1494 2509 eadem
1519 2473 1607 2509 bona
1634 2472 1786 2508 ostendit
1811 2476 1947 2520 praeter

278 2532 481 2568 fidelitatem
510 2532 622 2569 Statio
648 2545 669 2568 a
696 2537 842 2582 patrono
870 2533 927 2569 hie
955 2533 1106 2570 alterum
1130 2533 1261 2569 bonum
1276 2532 1384 2568 fuisse
1399 2533 1582 2568 tributum.
1611 2531 1708 2567 Wes.
1723 2530 1765 2566 de
1778 2530 1944 2567 Lambini
