2163 3020
460 267 770 300 OBSERVATIONES
793 270 968 300 CltITICAE
992 272 1042 299 AD
1068 273 1102 301 M.
1126 272 1254 301 TULLII
1278 273 1478 302 CICERONIS
1502 275 1715 305 EPISTOLAs.
1875 270 1920 303 43

259 361 371 410 debet,
399 364 489 400 hanc
516 378 589 402 esse
616 368 852 415 suspicamur:
891 369 967 404 Etsi
995 369 1036 405 de
1063 382 1098 404 re
1125 370 1265 417 publica
1293 383 1426 419 semper
1452 373 1576 418 cogito,
1605 377 1720 409 tamen
1747 376 1918 421 quomodo

260 431 336 455 eam
374 433 497 459 sanare
523 425 650 471 possim
678 438 749 461 non
776 427 929 463 invenio.
970 427 1014 462 In
1042 428 1156 463 verbis
1184 429 1397 475 corrigendis
1424 434 1559 477 praeter
1587 431 1787 478 Graevium,
1817 445 1917 479 quem

260 482 387 514 temere
413 481 568 528 probavi,
597 495 735 530 operam
762 488 954 532 posuerunt
981 485 1134 521 Orellius
1161 486 1198 521 in
1226 490 1372 534 utraque
1408 488 1569 534 editione,
1597 489 1798 535 Madvigius
1825 491 1918 527 Adv.

260 537 335 572 crit.
376 537 414 573 ΙΙ
456 551 488 586 p.
530 541 613 587 235,
654 541 961 578 Mendelssohnius
1003 544 1038 578 in
1079 544 1159 579 Act.
1189 556 1256 580 soc,
1285 544 1406 592 philol.
1436 546 1531 594 Lips.
1560 547 1577 581 I
1605 560 1637 594 p.
1666 549 1747 593 407,
1775 549 1919 584 111165611-

261 595 399 641 bergius
434 597 471 632 in
505 598 675 635 Emendd.
711 600 771 636 alt.
814 614 846 648 p.
877 602 934 637 87.
962 602 1205 637 Memorabilis
1233 607 1284 637 est
1312 603 1362 638 Io.
1391 604 1485 639 Frid.
1514 604 1681 640 Gronovii
1710 607 1919 655 coniectura,

260 664 363 698 quam
390 654 542 701 prodidit
568 656 604 690 in
632 657 771 692 dictatis
798 659 936 706 saepius
963 671 983 694 a
1009 672 1063 694 me
1091 659 1257 695 laudatis:
1286 661 1443 696 voluntas
1476 663 1605 697 socium
1634 667 1707 710 (pro
1734 665 1918 709 sociorum)

259 715 360 758 atque
398 714 499 748 etiam
541 715 616 762 ipsa
652 717 856 752 medicinam
882 718 1005 764 effuqit
1032 718 1172 764 (ultima
1198 732 1276 754 cum
1304 720 1433 766 Bosio),
1462 733 1550 767 quae
1577 722 1625 756 sie
1652 722 1918 769 interpretatur:

263 770 326 814 „ad
354 782 423 806 rem
451 784 483 818 p.
512 774 701 809 curandam
728 775 792 810 etsi
820 776 904 810 satis
931 781 983 811 est
1005 776 1091 811 mihi
1118 778 1238 823 animi,
1267 782 1383 813 tamen
1411 782 1444 813 et
1463 779 1658 814 destituunt
1677 793 1730 815 me
1745 781 1919 817 adiutores

259 831 292 862 et
320 828 393 875 ipsa
422 841 457 864 se
484 842 553 865 non
581 833 722 878 praebet
748 834 957 878 curationi?
986 846 1191 881 comparans
1219 835 1370 882 efficyere
1396 837 1679 884 rstuperationem
1709 840 1798 882 (Att.
1814 840 1918 876 XVI.

260 886 292 932 7,
322 888 358 933 5)
386 891 419 922 et
445 900 462 923 e
489 889 583 924 Livii
611 891 718 937 praef.
746 892 847 926 donec
874 893 920 927 ad
946 893 1026 927 liaec
1053 896 1218 941 tempora,
1246 894 1442 941 quibus-nec
1460 897 1543 930 vitia
1563 901 1678 931 nostra
1699 910 1755 932 nec
1771 899 1919 934 remedia

253 946 334 993 pati
353 958 551 993 possumus,
576 953 777 995 perventum
813 954 869 986 est.
910 951 1111 997 Madvigius
1152 965 1262 1000 nuper
1289 954 1325 988 in
1352 953 1471 989 libello
1500 955 1631 990 Danice
1659 957 1786 1003 scripto
1813 958 1920 1001 (Kort

260 1003 387 1049 Udsigt
414 1016 495 1039 over
521 1006 578 1040 det
605 1007 726 1053 philol.
755 1008 836 1044 hist.
866 1009 1054 1044 Samfunds
1081 1009 1316 1046 Virksomhed
1345 1011 1354 1045 1'
1381 1012 1519 1047 Aarene
1551 1014 1807 1060 1870—1878)
1834 1028 1866 1063 p.
1897 1018 1916 1051 5

259 1061 343 1097 haec
370 1062 439 1098 fere
465 1063 506 1099 de
534 1064 566 1099 h.
596 1065 617 1099 l.
647 1066 797 1101 monuit:
831 1067 895 1112 „Iu
925 1067 1033 1113 efficit
1060 1068 1167 1103 latere
1194 1069 1305 1114 deficit
1331 1069 1391 1104 alii
1420 1070 1621 1106 docuerunt.
1654 1071 1822 1107 Voluntas
1849 1086 1918 1108 non

258 1125 371 1167 potest
406 1122 542 1169 seiungi
581 1123 625 1158 ab
663 1125 780 1159 animo
819 1127 993 1172 praesenti
1030 1138 1091 1161 nec
1127 1126 1266 1172 deficere
1292 1127 1377 1174 dici,
1402 1129 1491 1163 vires
1519 1133 1612 1176 sunt,
1641 1143 1728 1177 quae
1753 1131 1918 1166 deficiunt

258 1178 486 1215 voluntatem.
528 1181 571 1216 In
613 1182 768 1217 rolzmtas
806 1184 891 1218 latet
930 1185 1151 1220 accusativus
1193 1186 1378 1233 participii,
1417 1187 1505 1233 quod
1544 1192 1595 1222 est
1623 1189 1793 1224 obiectum
1822 1190 1916 1225 verbi

257 1237 379 1283 deficit,
408 1242 441 1273 et
468 1251 534 1285 quo
562 1240 737 1286 pertinent
764 1242 867 1276 etiam
894 1245 995 1289 atque
1021 1243 1145 1285 etiam;
1174 1244 1314 1278 volentes
1341 1245 1416 1291 (pro
1443 1246 1616 1292 conantes)
1642 1258 1710 1281 non
1735 1248 1916 1295 satisfacit,

258 1295 373 1342 potius
415 1296 620 1331 volutantes:
664 1303 804 1342 „nostra
843 1304 1008 1347 perpetua
1048 1301 1227 1336 meditatio
1255 1314 1324 1337 non
1350 1307 1462 1349 potest
1489 1304 1647 1339 invenire
1674 1305 1918 1342 medicinam.'⁷

258 1353 323 1388 Sed
357 1354 508 1389 volutare
535 1367 605 1390 non
632 1356 737 1392 habet
768 1370 843 1392 eam
869 1359 942 1393 vim
970 1359 1007 1394 in
1035 1360 1172 1407 scriptis
1201 1360 1377 1396 Ciceronis
1404 1366 1547 1410 excepto
1574 1363 1615 1398 de
1643 1364 1694 1399 Re
1722 1365 1760 1399 P.
1789 1365 1817 1400 I.
1837 1366 1916 1401 17.⁷’

255 1412 347 1447 Pace
374 1414 500 1448 summi
527 1414 593 1448 viri
625 1414 738 1450 dicam
780 1416 966 1451 volutantes
992 1417 1077 1452 mihi
1108 1430 1178 1453 non
1208 1419 1417 1455 satisfacere.
1446 1420 1489 1454 In
1518 1420 1540 1455 1.
1569 1421 1592 1456 l.
1621 1421 1662 1456 de
1689 1423 1732 1457 R.
1761 1423 1800 1457 P.
1829 1423 1915 1458 illud

258 1470 401 1505 verbum
430 1483 472 1506 ne
499 1471 596 1506 adest
622 1473 771 1519 quidem,
800 1475 857 1509 sed
887 1475 1030 1510 volitare
1054 1479 1083 1510 et
1109 1477 1234 1523 reflari
1261 1477 1465 1524 iunguntur,
1495 1482 1533 1513 ut
1552 1480 1699 1526 saepius,
1719 1481 1918 1528 respicitur-

258 1540 323 1574 que
349 1529 392 1563 ad
420 1529 527 1564 Ennii
555 1530 596 1565 dc
623 1543 658 1566 se
685 1531 817 1567 dictum
846 1533 882 1568 in
909 1534 1176 1581 epigrammate:
1208 1535 1307 1570 volito
1334 1536 1433 1571 rivus
1453 1549 1519 1583 per
1546 1549 1608 1572 ora
1635 1539 1762 1574 virum.

306 1586 469 1622 Proxime
495 1588 537 1622 ad
566 1601 683 1624 veram
711 1590 887 1638 scriptoris
915 1604 1058 1627 manum
1086 1593 1247 1628 accedere
1274 1594 1360 1629 mihi
1388 1595 1527 1630 videtur
1541 1595 1626 1630 haec
1644 1596 1710 1631 loci
1725 1597 1913 1644 scriptura:

256 1644 301 1679 In
332 1657 368 1679 re
387 1645 531 1692 publica
559 1659 635 1682 cero
660 1660 871 1696 quamquam
898 1652 1037 1686 (mimus
1066 1655 1112 1686 est
1133 1664 1310 1699 praesens,
1342 1656 1453 1687 tamen
1480 1653 1637 1689 'voluntas
1662 1655 1788 1689 civimn
1816 1659 1917 1702 atque

257 1703 359 1737 etiam
389 1704 464 1751 ipsa
493 1705 664 1740 medicina
690 1707 813 1753 deficit.

306 1761 356 1796 Π.
397 1763 430 1808 5,
473 1763 504 1798 2.
546 1763 661 1806 Quum
689 1765 745 1800 vel
772 1778 789 1801 e
817 1767 908 1802 Med.
937 1768 1086 1803 scribere
1113 1769 1310 1804 debuissem
1337 1770 1444 1804 videte
1470 1771 1640 1805 civitatem
1667 1783 1784 1818 meam,
1814 1772 1869 1807 vel
1896 1784 1914 1808 e

257 1818 362 1854 Torn.
406 1819 510 1854 videte
548 1821 654 1856 vitam
695 1835 814 1869 meam,
853 1824 952 1870 signo
979 1826 1193 1873 corruptelae
1220 1826 1345 1861 utrivis
1372 1827 1563 1874 scripturae
1589 1829 1795 1876 praeposito,
1824 1830 1915 1865 male

255 1877 446 1912 Bosianum
479 1878 552 1913 ride
578 1881 791 1915 securitatem
819 1894 926 1916 meam
954 1884 1076 1930 recepi,
1105 1885 1196 1930 quod
1223 1885 1367 1920 minime
1393 1886 1610 1932 probandum
1637 1899 1710 1922 esse
1736 1887 1772 1922 in
1795 1888 1912 1923 adnot.

254 1934 440 1970 declaravi.
481 1935 632 1972 Kahntii
672 1938 762 1974 coni.
806 1940 896 1975 rides
928 1941 1161 1976 curiositatem
1200 1954 1307 1977 meam
1346 1955 1414 1978 non
1456 1944 1566 1990 magis
1604 1956 1697 1979 1111116
1732 1945 1912 1992 satisfacit,

255 2004 359 2039 quam
399 1993 594 2029 Meutzneri
636 1995 711 2031 vide
754 1997 918 2032 vilitatem
945 2010 1065 2045 meam,
1107 2000 1196 2046 quod
1225 2001 1354 2036 ironice
1380 2001 1561 2048 diceretur,
1589 2006 1650 2037 aut
1677 2003 1810 2039 Klotzii
1838 2004 1915 2039 vide

254 2052 433 2085 caritatem
471 2054 600 2087 meam!
638 2054 797 2090 Muretus
839 2055 882 2091 V.
922 2057 963 2092 L.
992 2056 1035 2092 V.
1082 2059 1118 2093 ll
1155 2062 1247 2093 recte
1274 2060 1362 2094 vidit
1389 2060 1426 2094 in
1453 2060 1524 2095 illis
1551 2060 1658 2097 latere
1685 2062 1853 2098 levitatem
1879 2068 1914 2099 et

255 2109 527 2156 Wesenbergius
554 2123 624 2146 non
655 2113 738 2159 ride,
766 2114 823 2148 sed
854 2115 945 2149 vides
972 2127 992 2150 a
1019 2115 1184 2152 Cicerone
1210 2129 1283 2152 esse
1311 2118 1489 2165 scriptum.

306 2166 354 2201 Π.
398 2168 429 2213 9,
472 2169 500 2202 1.
544 2169 652 2204 Initio
690 2170 794 2206 huius
833 2173 1000 2219 epistolae
1040 2187 1110 2209 non
1137 2175 1322 2211 debueram
1350 2188 1427 2211 cum
1456 2177 1593 2212 Mureto
1620 2177 1664 2213 V.
1692 2179 1732 2213 L.
1761 2178 1862 2214 XIV.
1892 2179 1913 2214 8

253 2223 451 2271 formulam,
492 2238 561 2272 qua
602 2227 722 2263 Cicero
760 2229 797 2264 in
836 2230 962 2267 litteris
992 2233 1035 2267 ad
1063 2233 1223 2268 Atticum
1252 2246 1433 2281 nunquam
1461 2247 1544 2270 usus
1571 2239 1633 2282 est,
1662 2236 1693 2271 ei
1718 2236 1913 2283 obtrudere,

255 2282 313 2316 sed
341 2282 488 2318 retinere
516 2284 615 2332 illud,
645 2287 734 2332 quod
761 2288 797 2322 in
826 2289 898 2324 cod.
927 2290 1018 2326 Med.
1050 2291 1151 2339 plane
1177 2292 1345 2339 scriptum
1373 2297 1424 2328 est
1450 2293 1561 2328 subito
1579 2305 1683 2340 quum
1703 2294 1915 2329 mihidixis-

254 2343 311 2374 set.
342 2339 472 2375 Verum
499 2341 785 2389 distinguendum
813 2350 865 2381 est
886 2351 964 2394 post
991 2348 1113 2396 subito,
1141 2350 1224 2395 quia
1251 2350 1339 2385 illud
1367 2351 1571 2386 adverbium
1598 2351 1717 2386 referri
1744 2351 1845 2387 debet
1870 2352 1914 2387 ad

253 2397 334 2432 haec
359 2398 487 2445 scripsi
513 2401 654 2447 raptim.
685 2401 738 2437 Cf.
766 2403 864 2440 Fam.
891 2405 961 2441 ΙΙΙ.
992 2407 1024 2453 7,
1055 2408 1093 2442 1:
1119 2407 1217 2442 Haec
1231 2408 1360 2455 scripsi
1372 2408 1494 2455 subito,
1510 2421 1613 2456 quum
1629 2409 1914 2457 Brutipueri-

252 2466 288 2490 se
313 2454 458 2490 Romam
481 2469 677 2504 properare
703 2459 880 2497 dixissent.

305 2513 354 2549 II.
393 2515 449 2560 12,
487 2515 518 2551 1.
557 2515 705 2552 Emittat
739 2517 785 2553 ad
823 2531 874 2555 me
905 2520 1067 2567 Publius,
1107 2523 1168 2569 qui
1194 2522 1379 2570 obsiynent.
1416 2524 1515 2567 Quod
1542 2524 1625 2559 olim
1653 2524 1774 2571 scripsi
1801 2525 1914 2559 mittat

1708 2581 1775 2614 13*
