2163 3020
273 264 322 298 46
479 271 790 301 OBSERVATIONES
812 271 987 300 CRITICAE
1010 271 1061 299 AD
1084 271 1121 299 M.
1147 272 1278 301 TULLII
1301 271 1500 301 CICERONIS
1523 271 1738 302 EPISTOLAS.

280 372 422 412 ἀποδεῖ,
450 371 579 406 scimus
605 382 624 405 a
654 370 766 406 Dione
805 369 930 406 DCCL
957 370 1071 406 stadia
1099 373 1250 417 aequata
1276 381 1351 405 esse
1378 369 1447 405 OM
1474 382 1653 418 passuum.
1681 371 1764 407 Vid.
1792 371 1875 407 LII.
1905 373 1947 408 21

281 432 359 467 coll.
386 431 409 466 l.
440 431 455 465 1
487 430 506 476 ξ
534 432 554 464 4
583 429 626 465 D.
653 429 694 464 de.
719 430 776 465 off.
805 429 912 477 praef.
942 430 1050 466 urbis.
1092 429 1218 476 Itaque
1245 427 1634 465 CIOCIOCIOIOCCL
1661 430 1774 466 stadia
1792 434 1953 466 accurate

282 489 491 538 respondent
529 487 660 525 IOCIO
695 500 874 536 passuum.
912 510 959 514 -
990 489 1049 524 illo
1069 489 1257 537 pervenire
1291 499 1359 522 non
1386 487 1512 524 liceret.
1553 488 1679 524 Adieci
1706 489 1792 525 haec
1817 501 1956 537 praece-

281 550 377 585 denti
405 548 610 594 sententiae,
636 547 748 583 deleto
776 560 894 595 quum,
922 547 1014 595 quod
1042 559 1114 583 non
1141 551 1194 583 est
1221 547 1257 582 in
1286 546 1361 582 cod.
1389 546 1497 593 Med„
1525 548 1586 594 qui
1614 551 1701 584 teste
1729 548 1870 584 Baitero
1897 548 1957 584 dat

284 609 371 650 illoc,
399 620 466 655 qua
495 607 604 642 forma
632 607 686 642 usi
714 611 796 642 sunt
824 607 974 643 Plautus
1001 610 1035 642 et
1061 607 1260 651 Terentius,
1289 618 1360 641 non
1387 605 1520 642 Cicero.
1548 606 1619 642 Illo
1646 610 1698 643 est
1728 608 1763 642 in
1781 606 1956 654 Siciliam,

283 679 371 714 quae
410 666 592 713 rogatione
631 665 745 701 Clodii
785 670 860 701 erat
898 669 1056 713 excepta,
1097 669 1137 700 ut
1177 664 1284 700 tradit
1310 664 1378 699 Dio
1404 664 1426 700 l.
1457 676 1498 710 c.‚
1527 677 1635 712 eaque
1662 669 1737 700 erat
1764 677 1869 701 causa
1896 677 1958 701 cur

281 726 320 762 C.
349 725 530 772 Vergilius
558 729 696 772 praetor
723 724 875 760 noluerit
910 737 1013 760 suum
1040 724 1250 760 familiarem
1277 723 1363 759 illuc
1390 724 1521 759 venire.
1558 723 1642 760 Vid.
1671 724 1744 760 Cic.
1770 737 1804 772 p.
1832 724 1955 761 Plano.

284 787 342 822 96.
372 808 417 811 —
445 789 474 820 e!
501 784 592 832 quod
618 784 761 820 Melitae
787 796 855 820 esse
882 796 947 819 non
975 783 1107 820 licebat.
1136 783 1258 819 Cicero
1285 795 1305 818 a
1332 783 1483 830 Vibone,
1512 783 1573 818 ubi
1599 787 1675 819 erat
1698 783 1790 831 apud
1809 783 1956 831 Siccam,

283 857 318 881 se
356 845 466 880 movit
505 844 734 879 Brundisium
774 856 907 890 versus,
946 856 1017 879 non
1057 843 1159 891 petiit
1200 842 1374 889 Melitam,
1408 842 1499 890 quod
1540 843 1588 878 ibi
1616 854 1691 878 esse
1718 853 1790 878 non
1817 842 1958 879 licebat.

283 905 417 940 Aberat
444 904 505 939 illa
533 903 649 939 insula
677 903 769 938 ultra
795 903 989 950 quingenta
1017 903 1115 938 milia
1142 903 1186 938 ab
1221 902 1317 947 urbe,
1346 901 1404 937 sed
1434 905 1508 937 erat
1535 914 1616 950 pars
1644 902 1848 950 provinciae
1875 901 1962 938 Sici-

283 964 361 1010 liae,
390 976 494 1011 quam
521 963 617 998 adire
644 963 674 998 ei
703 975 764 1010 per
790 963 900 1009 legem
929 975 999 997 non
1028 962 1167 997 licebat.
1197 961 1250 997 Cf.
1279 961 1380 997 Verr.
1410 961 1472 997 lib.
1501 961 1567 997 IV.
1597 962 1642 996 39
1671 965 1706 996 et
1736 962 1817 997 103.

336 1022 406 1057 ΠΙ.
437 1023 468 1066 7,
499 1023 531 1056 ⁵2.
575 1021 686 1056 Cuius
708 1021 861 1065 (mortis)
889 1020 1094 1067 oppetendae
1121 1023 1253 1067 tempus
1289 1019 1568 1054 honestissimum
1588 1021 1880 1067 praetermissum
1906 1023 1964 1066 est,

287 1081 420 1129 reliqua
449 1084 602 1127 tempora
629 1083 710 1115 sunt
738 1091 803 1114 non
834 1083 902 1114 tam
932 1079 978 1114 acl
1004 1079 1211 1114 medicinam
1239 1090 1343 1126 quam
1371 1079 1417 1114 acl
1443 1079 1545 1125 finem
1572 1079 1714 1115 dolori&
1754 1079 1850 1115 Male
1877 1079 1964 1114 mihi

284 1140 387 1176 cessit
425 1138 616 1186 explicatio
659 1138 764 1173 huius
805 1138 872 1173 loci
909 1138 945 1173 in
983 1138 1137 1173 editione
1164 1149 1240 1185 epp.
1270 1137 1313 1172 ad
1341 1137 1419 1172 Att.
1449 1137 1530 1173 Vol.
1558 1137 1577 1172 Ι
1605 1150 1636 1186 p.
1670 1138 1756 1184 1303
1785 1137 1963 1173 meliorem

285 1199 439 1234 afferam.
481 1197 602 1234 Cicero
629 1198 788 1244 queritur
815 1209 851 1232 se
879 1210 950 1232 non
978 1197 1012 1232 vi
1040 1197 1211 1232 restitisse
1238 1196 1348 1232 furori
1376 1196 1559 1243 Clodiano,
1588 1208 1696 1243 quum
1724 1200 1786 1231 aut
1812 1197 1964 1237 vincere,

287 1263 349 1294 aut
388 1258 532 1293 honeste
570 1257 682 1304 perire
720 1257 903 1304 potuisset,
946 1257 1100 1303 dicitque
1128 1257 1249 1292 mortis
1277 1256 1492 1304 oppetendae
1518 1268 1615 1291 nunc
1639 1269 1679 1292 ea
1709 1259 1864 1304 tempora
1891 1268 1966 1291 esse

291 1316 435 1363 reliqua,
465 1327 554 1363 quae
581 1315 673 1350 mala
702 1327 773 1350 non
801 1315 932 1362 fugare,
962 1315 1020 1350 sed
1049 1315 1293 1350 tantummodo
1321 1327 1399 1350 cum
1428 1314 1502 1350 vita
1529 1314 1683 1350 dolorem
1697 1315 1798 1350 finire
1811 1317 1964 1362 possent.

292 1375 392 1419 Quod
419 1375 528 1421 igitur
554 1374 685 1421 optimo
713 1377 866 1422 tempore
893 1386 964 1410 non
992 1374 1085 1421 fecit,
1126 1375 1243 1409 minus
1271 1374 1395 1409 idoneo
1422 1373 1534 1409 facere
1561 1373 1712 1409 nolebat.
1755 1373 1965 1409 Wielandus

292 1433 486 1482 praeclare:
532 1432 650 1478 „Aber
683 1433 808 1469 leider!
850 1434 896 1469 ist
935 1434 996 1469 der
1022 1433 1249 1480 Augenblick
1277 1433 1419 1480 vorbey,
1449 1445 1503 1468 wo
1530 1445 1566 1468 es
1593 1433 1766 1468 ehrencoll
1793 1445 1866 1468 war
1892 1433 1966 1468 ihm

292 1496 464 1539 entgegen
504 1504 546 1527 zu
587 1491 715 1539 gehen3
756 1505 831 1528 nun
858 1492 957 1528 kann
984 1505 1021 1528 er
1047 1505 1091 1528 zu
1119 1493 1236 1528 nichts
1264 1491 1382 1528 helfen
1407 1492 1459 1527 als
1486 1492 1564 1527 dem
1592 1492 1756 1528 Schmerz
1782 1492 1839 1527 ein
1866 1492 1967 1527 Ende

292 1564 334 1587 zu
361 1550 520 1596 macheu,
549 1550 627 1586 dem
653 1562 690 1585 er
716 1550 807 1586 einst
833 1551 1095 1586 zitrorhommen
1125 1550 1294 1586 konnte.’'

340 1609 411 1644 III.
445 1610 501 1655 12,
531 1610 563 1644 2.
602 1608 817 1644 Percussiste·
855 1613 969 1644 autem
996 1622 1048 1644 me
1074 1610 1177 1644 etiam
1205 1609 1245 1644 de
1271 1609 1428 1644 oratione
1447 1609 1602 1656 prolata.
1631 1608 1710 1644 Etsi
1749 1621 1852 1644 nemo
1878 1609 1968 1644 desi-

290 1668 426 1704 deraret
464 1671 588 1708 autem,
629 1667 659 1703 si
699 1668 847 1709 abesset,
888 1672 922 1703 et
956 1671 1070 1704 autem
1110 1690 1156 1693 —
1197 1668 1299 1703 etiam
1328 1679 1399 1702 non
1426 1667 1604 1713 eleganter
1632 1679 1668 1702 se
1695 1667 1878 1714 excipiunt
1907 1667 1964 1711 (cf.

292 1727 426 1763 Handii
453 1726 603 1762 Tursell.
633 1727 649 1761 I
675 1739 708 1775 p.
727 1728 798 1763 586
829 1728 908 1775 sq.)‚
937 1731 1056 1763 tamen
1082 1727 1226 1775 repudio
1262 1727 1412 1774 priorem
1439 1726 1641 1774 opinionem
1666 1726 1707 1761 de
1734 1726 1875 1762 nomine
1901 1726 1969 1762 ali-

293 1799 360 1834 quo
387 1786 514 1821 omisso
540 1790 574 1821 et
601 1786 638 1821 in
664 1789 777 1821 autem
805 1787 949 1829 latente,
981 1799 1086 1834 quam
1114 1787 1238 1822 merito
1259 1786 1399 1822 inanem
1416 1785 1555 1821 vocavit
1570 1785 1611 1821 O.
1628 1784 1782 1820 Heinius
1797 1785 1835 1820 in
1850 1785 1967 1821 Relat.

293 1845 382 1880 doct.
412 1844 508 1880 Gott.
537 1857 568 1880 a.
600 1846 694 1881 1868
723 1858 755 1893 p.
785 1847 868 1881 551.
911 1846 1125 1881 Percussis&
1151 1858 1203 1880 me
1228 1846 1331 1880 etiam
1366 1845 1406 1880 de
1445 1845 1601 1879 oratione
1632 1844 1776 1891 prolata
1816 1844 1970 1880 breviter

293 1903 425 1938 dictum
453 1907 505 1938 est
531 1915 611 1951 pro:
641 1904 741 1947 Quod
769 1904 856 1940 mihi
885 1905 1063 1940 nunciasti
1090 1905 1131 1940 de
1159 1904 1316 1939 oratione
1337 1903 1484 1952 prolata,
1504 1902 1611 1938 etiam
1627 1915 1682 1938 me
1705 1902 1823 1938 dolore
1840 1902 1967 1938 affecit.

345 1962 415 1997 III.
461 1963 516 2002 15,
558 1965 590 1997 4.
632 1962 808 2011 Profecto,
849 1965 882 2000 si
908 1968 1076 2012 quantum
1104 1976 1154 1999 me
1181 1975 1280 1999 amas
1307 1967 1335 1998 el
1361 1963 1502 2003 (measti,
1529 1965 1664 1997 tantum
1690 1973 1811 1996 amare
1836 1961 1970 1997 deberes

295 2032 335 2055 (tc
373 2020 555 2066 debuisses,
589 2034 762 2069 nunquam
803 2035 889 2059 esses
909 2035 1040 2071 passus
1067 2036 1115 2058 me
1142 2045 1189 2049 —
1217 2035 1311 2070 effere
1337 2021 1491 2057 consilio.
1533 2021 1678 2056 Temere
1705 2021 1742 2055 in
1770 2020 1825 2055 his
1853 2021 1969 2056 verbis

296 2079 424 2114 offendi
451 2084 484 2115 et
511 2080 782 2117 audacissimam
808 2082 865 2118 Pii
893 2084 1125 2119 mutationem
1154 2083 1311 2131 probavi.
1341 2081 1463 2117 Cicero
1481 2080 1574 2116 enim
1593 2079 1716 2115 acerbe
1730 2091 1766 2114 se
1782 2079 1969 2127 vituperat,

296 2138 388 2185 quod
422 2150 492 2173 non
532 2139 618 2173 satis
645 2140 785 2187 fecerat,
814 2145 852 2176 ut
880 2142 924 2176 ab
952 2142 1074 2177 Attico
1101 2142 1212 2177 amari
1239 2140 1370 2176 deberet
1397 2144 1431 2175 et
1458 2143 1563 2175 antea
1589 2138 1768 2184 debuisset,
1796 2138 1970 2186 simulque

299 2197 438 2244 oblique
478 2197 593 2244 tangit
630 2199 801 2245 Atticum,
839 2200 929 2247 quod
959 2213 995 2236 se
1021 2213 1093 2236 non
1122 2200 1247 2235 melius
1274 2199 1431 2235 iuvisset.
1475 2197 1511 2233 Si
1538 2197 1576 2233 in
1601 2196 1656 2232 his
1684 2196 1792 2243 haesi,
1815 2208 1855 2232 ea
1882 2209 1971 2244 quae

298 2255 416 2290 statim
456 2260 666 2302 sequuntur:
711 2256 779 2292 Sed
814 2261 850 2293 tu
890 2262 1026 2294 tantum
1067 2281 1113 2285 —-
1149 2259 1440 2307 praetermissum
1479 2259 1536 2302 est,
1565 2255 1693 2291 debent
1719 2258 1753 2290 et
1779 2254 1972 2290 debuerant

299 2326 436 2349 omnem
477 2315 680 2362 scrupulum
717 2328 761 2351 ex
796 2317 914 2352 animo
955 2318 1040 2353 mihi
1068 2318 1228 2354 evellere.
1270 2317 1414 2353 Atticus
1442 2316 1581 2361 fecerat,
1610 2314 1701 2362 quod
1727 2316 1803 2349 erat
1828 2315 1971 2359 amoris,

299 2373 580 2421 praetermiserat
606 2374 698 2421 quod
724 2376 858 2410 meritis
883 2376 988 2412 amici
1006 2376 1203 2424 perfectum
1231 2376 1394 2424 oportuit.

349 2432 414 2468 IV.
446 2433 477 2478 l,
509 2434 539 2468 1.
570 2433 764 2481 C'oynoram
793 2436 884 2470 enim
912 2457 958 2461 —
987 2439 1016 2471 te
1044 2437 1078 2470 in
1107 2435 1263 2471 consiliis
1285 2435 1375 2470 milei
1398 2432 1598 2469 (Iandisnec
1611 2431 1795 2478 fortiorem
1808 2441 1970 2478 necpru-

302 2490 493 2525 (lentiorem
520 2504 625 2538 qzmm
651 2504 704 2527 me
740 2494 866 2541 ipsum,
894 2506 953 2530 nec
988 2495 1091 2530 etiam
1112 2497 1260 2543 propter
1286 2505 1396 2529 meam
1425 2493 1461 2527 in
1488 2495 1518 2527 te
1543 2489 1797 2526 observantiam
1824 2489 1973 2524 nimium

303 2549 341 2583 ‘in
368 2549 522 2584 custodia
550 2551 676 2585 salutis
703 2563 794 2587 meae
820 2553 1029 2601 diliyentem.
1058 2553 1153 2589 Male
1178 2553 1284 2589 Bosio
1311 2551 1476 2587 maiorem
1504 2549 1605 2585 fidem
1632 2547 1752 2594 habui,
1781 2547 1841 2594 qui
1868 2547 1906 2582 in
1936 2547 1973 2585 Z.
