2163 3020
427 283 737 314 OBSERVATIONES
760 283 934 312 CRITICAE
956 282 1008 311 AD
1029 283 1067 311 M.
1090 281 1220 310 TULLII
1241 280 1440 309 CICERONIS
1462 279 1678 310 EPISTOLASs
1861 272 1882 306 7

225 380 374 416 scribere
401 381 498 428 solet,
527 394 598 418 non
625 382 753 417 additis
779 393 863 427 mea,
890 384 961 426 tua,
989 392 1063 416 sua.
1092 379 1234 415 Praeter
1260 379 1354 414 locos
1380 391 1466 425 quos
1492 379 1634 414 laudavi
1660 378 1703 414 ad
1721 378 1799 414 Att.
1814 378 1886 416 IV.

229 439 286 485 14,
316 440 336 473 2
365 439 407 474 cf.
434 440 532 476 Fam.
560 440 590 476 Ι.
619 441 651 486 7,
676 442 696 475 5
724 441 756 475 si
782 452 854 475 rem
880 440 983 474 istam
1009 450 1049 473 eoe
1073 437 1239 473 sententia
1263 438 1419 484 qesseris.
1448 437 1536 473 XII.
1567 438 1622 484 10,
1653 439 1685 473 2.
1734 437 1777 472 Si
1802 436 1885 471 haec

227 507 268 531 ea:
294 498 459 532 sententia
487 498 638 544 confecta
666 501 781 534 essent.
808 498 885 533 Att.
914 497 983 532 ΠΙ.
1013 497 1070 542 20,
1102 497 1117 530 l
1148 507 1251 542 quum
1278 496 1393 530 omnia
1421 498 1526 529 essent
1553 507 1592 530 ear
1618 495 1794 530 sententia.

279 554 329 590 II.
359 555 415 601 10,
445 556 477 591 2.
529 555 702 591 Locorum
730 555 933 603 quc'busdam
958 554 1132 601 anqustiis
1158 556 1187 588 et
1213 555 1343 588 natura
1369 553 1536 587 montium
1562 553 1682 598 fretus.
1715 553 1778 598 „Je
1792 564 1884 587 com-

229 614 409 661 prendrais
436 613 550 661 plutOt
580 614 754 660 „locorum
780 617 906 648 natura
924 616 958 647 et
971 612 1179 659 quibusdam
1195 611 1368 657 angustiis
1385 611 1579 645 montium⁷⁷
1597 611 1717 646 scribit
1732 610 1771 646 C.
1787 611 1882 647 Thu-

230 674 284 707 rot
310 671 348 706 in
374 671 463 719 disp.
489 672 530 707 de
557 672 630 708 MS.
659 671 855 707 Turonensi
882 671 1006 706 harum
1040 670 1168 717 epistt,
1195 668 1341 704 Parisiis
1369 681 1399 703 a.
1432 670 1524 703 1874
1552 669 1655 710 edita,
1683 682 1715 716 p.
1747 670 1802 705 11.
1829 669 1884 704 Ne

230 729 308 776 quis
334 730 504 765 vocabula
531 731 580 765 sie
608 730 871 778 transponenda
898 732 1006 776 putet,
1035 740 1157 763 moneo
1181 727 1247 762 loci
1260 731 1294 761 et
1308 727 1458 761 Iocorum
1472 727 1652 773 (tizyitstz'as
1666 730 1766 761 notas
1780 739 1884 762 essee

232 787 376 823 Salustii
403 787 478 824 Cat.
507 789 553 823 58
582 792 615 824 et
641 802 659 824 e
687 789 839 824 Cornelii
867 789 1014 823 Datame
1042 788 1075 833 8,
1104 789 1149 833 4.,
1188 790 1221 821 et
1248 789 1412 821 naturam
1446 786 1612 820 montium
1638 797 1709 821 non
1735 785 1886 821 alienam

230 856 305 881 esse
331 858 351 881 a
377 847 628 884 consuetudine
654 847 829 894 loquendi,
858 859 966 893 quum
993 846 1113 882 Cicero
1141 845 1177 879 in
1204 844 1274 879 alia
1299 843 1445 891 epistola
1472 844 1570 879 Fam.
1598 843 1682 890 XV,
1710 845 1742 885 4,
1759 844 1887 879 4mon-

231 905 278 940 tis
303 905 438 940 Amani
464 909 627 940 naturam
653 918 688 940 o:
717 905 913 940 naturalem
938 904 1098 939 habitum
1125 903 1180 938 vel
1207 902 1441 937 conditionem
1468 902 1596 937 laudet.

282 962 332 998 II.
363 964 418 1009 12,
449 965 480 998 3.
535 963 638 1011 Spem
665 963 835 1011 triumphi
844 964 862 998 .9
890 964 1013 1010 inquis.
1042 961 1227 997 Assentior
1254 961 1503 1006 Wesenbergio
1532 962 1567 995 in
1595 961 1659 995 hac
1686 960 1887 1006 quaestione

231 1020 373 1068 ellipsin
400 1033 474 1056 esse
499 1034 568 1056 non
597 1022 784 1068 ferendam,
813 1021 871 1056 sed
895 1033 965 1056 non
979 1021 1087 1068 probo
1103 1019 1354 1067 supplementa,
1371 1031 1458 1065 quae
1473 1018 1651 1066 proposuit
1665 1019 1702 1053 in
1717 1018 1886 1054 Emendd.

232 1079 294 1116 alt.
322 1093 354 1128 p.
384 1081 405 1114 4
433 1084 466 1115 et
492 1080 529 1115 111
556 1081 672 1116 adnot.
701 1081 776 1115 crit.
804 1080 847 1115 ad
873 1080 908 1115 h.
935 1080 959 1115 1.
985 1079 1126 1114 Leniori
1153 1077 1324 1112 medicina
1351 1078 1456 1111 verba
1483 1077 1599 1111 sanari
1626 1080 1782 1124 possunt,
1802 1075 1885 1111 seri-

233 1138 364 1173 bendo:
394 1137 497 1186 Spem
524 1138 696 1186 triumphi
721 1138 809 1172 mihi
824 1138 951 1173 iniicis.
970 1137 1089 1172 Facile
1102 1139 1180 1183 post
1194 1135 1290 1183 mphi
1304 1135 1417 1169 omitti
1432 1134 1519 1169 mihi
1533 1138 1566 1169 et
1587 1134 1700 1181 inquis
1713 1146 1757 1169 ex
1774 1134 1890 1168 iniicis

234 1196 417 1243 depravari
442 1196 569 1243 potuit.
607 1197 758 1232 Iniicere
782 1207 875 1243 spem
906 1206 977 1230 non
1003 1194 1120 1229 minus
1147 1197 1237 1229 recte
1264 1193 1401 1239 dieitur,
1430 1205 1532 1239 quam
1563 1193 1701 1227 iniicere
1726 1195 1892 1226 terrorem

234 1254 344 1290 alicui
381 1254 460 1290 Fin.
498 1254 543 1290 V.
583 1255 640 1301 31,
668 1257 729 1289 aut
755 1253 978 1301 cupiditatem
1010 1253 1109 1288 Fam.
1134 1252 1203 1287 XI.
1233 1252 1289 1298 10,
1319 1252 1351 1287 2.
1405 1250 1503 1294 Quod
1530 1250 1584 1285 his
1610 1249 1725 1285 verbis
1752 1249 1893 1285 subiicit

235 1313 356 1349 Cicero
382 1324 418 1348 56
445 1313 623 1348 consulem
654 1312 724 1348 iam
751 1312 836 1348 satis
867 1311 1016 1358 gloriose
1043 1310 1286 1358 triumphasse,
1324 1308 1474 1344 ostendit
1502 1320 1597 1355 spem
1622 1306 1792 1354 triumphi
1818 1317 1890 1342 non

235 1370 337 1406 valde
364 1370 395 1406 ei
421 1370 571 1419 probari.

286 1429 336 1465 ΙΙ.
367 1430 423 1476 17,
455 1431 485 1465 1.
537 1429 700 1464 Rhodum
729 1429 929 1463 Ciceronum
954 1438 1059 1462 causa
1079 1437 1273 1474 puerorum
1287 1435 1505 1460 accessurum
1512 1426 1611 1471 puto.
1638 1422 1823 1458 Assentior
1836 1422 1890 1469 iis,

235 1488 297 1535 qui
316 1499 511 1536 puerorum
537 1487 722 1523 delendum
749 1489 904 1522 censent.
933 1485 974 1529 Q.
1001 1488 1035 1521 et
1048 1485 1097 1520 M.
1114 1484 1298 1519 Cicerones
1313 1486 1412 1518 erant
1430 1482 1640 1529 tuncpueri,
1656 1484 1690 1516 et
1704 1480 1752 1515 516
1766 1492 1893 1515 vocan-

236 1550 295 1582 tur
320 1546 358 1582 111
385 1558 437 1594 ep.
464 1546 508 1581 ad
534 1547 610 1582 Att.
638 1545 704 1581 VI.
735 1546 766 1591 1,
797 1545 853 1591 12,
881 1556 988 1590 quum
1015 1542 1100 1578 alibi
1129 1541 1306 1577 Cicerones
1319 1541 1431 1576 nostri
1444 1540 1614 1586 dicantur,
1630 1538 1707 1574 Att.
1722 1538 1767 1574 V.
1785 1539 1841 1584 17,
1858 1538 1890 1574 3.

239 1605 296 1652 18,
333 1606 367 1641 4.
404 1605 529 1652 Itaque
563 1616 624 1652 per
650 1616 685 1639 se
711 1615 783 1638 non
809 1603 936 1638 mirum
963 1605 1025 1648 est,
1063 1601 1092 1636 si
1119 1601 1157 1636 in
1182 1600 1329 1648 epistola
1355 1599 1398 1634 ad
1425 1598 1628 1644 Salustium,
1656 1597 1716 1645 qui
1741 1608 1798 1632 eos
1824 1596 1892 1631 for-

237 1666 328 1699 tasse
355 1674 426 1698 non
454 1669 566 1709 norat,
588 1663 697 1710 pueri
725 1661 897 1696 dicantur.
926 1660 992 1696 Sed
1019 1672 1088 1695 vox
1115 1662 1275 1706 suspecta
1299 1658 1337 1693 fit
1353 1657 1521 1693 collocata
1536 1660 1614 1703 post
1627 1667 1744 1692 causa.
1772 1654 1892 1691 Cicero

237 1722 331 1757 enim
371 1733 505 1768 semper
538 1720 739 1767 genetivum
776 1718 968 1767 praeponit,
1009 1721 1168 1764 reeteque
1207 1717 1245 1752 111
1280 1715 1400 1751 Laelio
1427 1715 1472 1750 57
1500 1726 1594 1749 nune
1621 1714 1751 1749 editur:
1781 1712 1893 1758 Quam

237 1780 347 1815 multa
373 1780 474 1826 enim,
501 1791 587 1826 quae
612 1779 724 1814 nostri
749 1789 853 1813 causa
879 1788 1058 1824 nimquam
1083 1775 1285 1822 faceremus,
1312 1773 1463 1820 facimus
1488 1773 1689 1820 amicorum,
1716 1784 1787 1807 non
1813 1783 1893 1807 cum

238 1837 324 1874 Mss.
351 1837 511 1885 plurimis
536 1837 688 1883 facimus
714 1848 818 1871 causa
845 1836 1047 1870 amicorum.
1075 1834 1262 1869 Insolitum
1288 1832 1443 1867 ordinem
1469 1842 1574 1866 causa
1600 1831 1762 1866 ludorum
1787 1842 1831 1865 116
1854 1829 1892 1865 111

238 1896 341 1932 Livio
366 1896 506 1943 quidem
533 1895 713 1930 ferendum
739 1894 877 1942 putavit
903 1893 1104 1939 Madvigius
1131 1891 1278 1928 Emend.
1303 1891 1382 1926 Liv.
1410 1903 1443 1938 p.
1472 1891 1543 1925 473
1571 1901 1621 1936 sq.

287 1953 337 1991 Π.
368 1956 425 2001 18,
455 1956 487 1990 3.
540 1954 584 1990 Si
609 1965 660 1988 me
685 1953 817 1999 audies,
845 1952 970 1987 vitabis
998 1951 1202 1987 inimicitias
1229 1952 1258 1985 et
1277 1948 1494 1997 posteritatis
1520 1949 1586 1982 otio
1612 1946 1775 1982 consules.
1801 1946 1893 1982 Utor

237 2013 304 2049 hae
330 2013 599 2061 opportunitate,
629 2015 668 2047 ut
694 2023 825 2047 errasse
851 2022 906 2046 me
934 2011 1099 2045 confitear
1124 2021 1232 2056 quum
1259 2008 1341 2042 olim
1369 2007 1410 2041 ad
1427 2005 1654 2042 Catilinariae
1667 2004 1891 2052 primae§22

239 2074 273 2107 et
300 2073 345 2107 29
373 2071 581 2116 dubitarem,
610 2073 770 2117 possetne
794 2070 986 2117 posteritas
1011 2067 1139 2116 opponi
1165 2065 1339 2114 praesenti
1361 2064 1518 2112 tempori.
1545 2063 1692 2099 Meliora
1705 2074 1760 2097 me
1774 2062 1893 2097 dooere

238 2130 408 2177 potuisset
433 2129 474 2165 P.
502 2128 655 2164 Manutii
682 2128 726 2163 ad
750 2127 844 2162 hune
871 2128 986 2163 locum
1012 2125 1201 2161 adnotatio.
1228 2123 1419 2160 Posteritas
1446 2122 1550 2157 etiam
1576 2121 1614 2156 in
1642 2133 1689 2156 or.
1705 2133 1738 2167 p.
1748 2119 1893 2155 Rabirio

238 2187 333 2236 perd.
361 2199 418 2223 reo
446 2188 491 2222 29
519 2187 556 2222 111
583 2186 698 2221 verbis
724 2198 783 2233 spe
801 2185 1020 2233 posteritatis
1056 2183 1242 2230 fructuque
1276 2182 1357 2217 duci
1387 2184 1562 2228 posterum
1589 2183 1724 2226 tempus
1749 2178 1892 2213 indicat.

288 2246 360 2282 ΙΠ.
388 2247 421 2292 4,
452 2246 484 2280 1.
536 2244 649 2280 Libro
684 2243 863 2291 auyurali,
903 2255 1001 2290 quem
1043 2241 1090 2277 ad
1115 2253 1166 2276 me
1193 2239 1430 2275 amantissime
1455 2239 1624 2285 serilotum
1649 2236 1896 2272 suavissimum

240 2304 379 2339 misisti.
405 2303 539 2338 Bakius
566 2303 604 2337 in
630 2302 767 2348 Proleg.
795 2302 838 2337 ad
865 2301 972 2336 libros
999 2300 1040 2335 de
1067 2299 1220 2346 Legibus
1243 2311 1275 2346 p.
1292 2297 1388 2333 XXI
1402 2296 1554 2344 reposuit
1573 2294 1785 2330 suavissime.
1813 2293 1895 2328 Non

239 2362 358 2410 probO.
386 2361 493 2397 Liber
518 2361 578 2396 ille
605 2373 644 2396 eo
670 2360 745 2407 ipso
772 2360 864 2406 quod
892 2359 1027 2394 nomini
1054 2370 1116 2393 suo
1141 2357 1330 2404 inscriptus
1357 2358 1442 2401 erat,
1483 2352 1642 2389 Ciceroni
1669 2351 1736 2386 fuit
1762 2350 1895 2386 suavis-

241 2420 360 2455 simus.
387 2419 469 2455 Non
495 2419 612 2465 agitur
637 2418 678 2453 de
704 2421 910 2464 argumento
936 2416 1029 2463 libri,
1060 2415 1118 2451 sed
1134 2415 1175 2450 de
1188 2414 1430 2461 inscriptione:
1458 2411 1573 2459 Appii·
1588 2409 1732 2446 Claudii
1745 2408 1895 2444 Pulchri

241 2476 327 2513 liber
353 2476 538 2524 auquralis
563 2476 610 2511 ad
637 2475 689 2512 M.
722 2475 880 2511 Tullium
909 2474 1114 2510 Ciceronem.

290 2535 361 2570 III.
391 2537 424 2581 5,
452 2536 485 2570 4.
538 2534 665 2569 Pridie
690 2533 775 2569 Kal.
804 2532 896 2568 Sext.
917 2535 1006 2580 puto
1031 2543 1083 2566 me
1099 2529 1290 2566 Laodiceae
1303 2529 1390 2576 fore,
1399 2537 1594 2575 perpaucos
1606 2525 1897 2561 dies—commo-
