2163 3020
269 271 321 305 40
467 281 780 310 OBSERVATIONES
801 281 978 310 CRITICAE
1001 282 1052 310 AD
1077 282 1114 312 M.
1137 281 1267 310 TULLII
1290 279 1490 309 CICERONIS
1514 277 1730 307 EPISTOLAS.

947 493 1164 530 CAPUT
1205 494 1275 531 ΙΙΙ.

390 663 651 690 EPISTOLARUM
680 665 730 689 AD
757 665 923 691 ATTICUM
951 665 1095 691 PLURES
1122 666 1207 692 LOCI
1234 667 1509 703 VINDIOANTUR,
1540 666 1825 703 CORRIGUNTUR,

974 725 1252 752 EXPLICANTUR.

323 840 350 875 I.
384 842 413 886 1,
443 841 474 875 1.
529 840 581 875 De
607 840 754 887 Aufidio
781 845 810 876 et
837 842 877 876 de
903 841 1077 877 Palicano
1105 854 1172 877 non
1193 846 1282 890 puto
1314 846 1344 877 te
1358 846 1561 890 aspectare,
1581 843 1663 878 dam
1679 843 1841 878 scribam.
1869 843 1949 878 Etsi

273 899 323 933 sic
351 899 483 934 habeut
511 911 631 935 omnes
659 900 756 936 codd.
786 901 872 948 noti,
901 904 1017 937 tamen
1038 901 1222 949 Orellium,
1239 902 1298 948 qui
1314 902 1355 937 de
1370 902 1530 937 Goveaui
1546 902 1747 937 coniectura
1761 902 1950 949 Aufidiam

274 958 310 992 in
348 958 439 993 Aedi
472 958 587 1005 filium
623 959 788 1006 mutavit,
817 960 927 995 secuti
955 964 1038 995 sunt
1065 960 1214 995 editores
1242 961 1462 996 recentiores.
1515 960 1640 996 Utitur
1667 960 1727 996 ille
1753 961 1819 996 1100
1846 973 1950 1007 argu-

274 1021 403 1062 mento,
432 1017 522 1063 quod
551 1017 592 1051 de
620 1017 720 1052 nullo
748 1018 983 1065 Aufidiorum,
1011 1020 1071 1066 qui
1098 1020 1134 1054 111
1162 1020 1235 1055 Cic.
1251 1020 1391 1067 scriptis
1407 1023 1656 1066 memorantur,
1674 1019 1732 1054 1110
1747 1031 1861 1055 sermo
1876 1031 1951 1054 esse

272 1074 394 1121 possit,
422 1078 456 1109 et
483 1074 646 1110 Baiterus
673 1075 822 1111 conferri
851 1077 953 1112 iussit
981 1089 1022 1124 ep
1065 1078 1121 1124 18,
1151 1080 1184 1113 5.
1215 1079 1273 1124 20,
1304 1080 1337 1113 5.
1361 1078 1411 1113 Π.
1443 1079 1476 1124 3,
1495 1079 1526 1125 1,
1545 1079 1673 1125 quibus
1692 1078 1729 1113 in
1746 1078 1832 1113 locis
1853 1078 1954 1121 (adde

276 1132 304 1167 I.
336 1134 392 1178 16,
425 1134 483 1177 12)
522 1134 561 1168 L.
592 1133 764 1169 Afranius
792 1135 996 1182 designatur
1025 1136 1165 1171 nomine
1193 1136 1283 1171 Auli
1309 1136 1389 1182 filii.
1443 1137 1519 1183 Ego
1546 1149 1670 1171 maneo
1698 1137 1736 1171 111
1763 1137 1950 1182 sententia,

272 1203 378 1237 quam
406 1192 489 1226 olim
517 1192 667 1239 defendi,
696 1193 788 1228 nihil
816 1206 890 1229 esse
916 1194 949 1229 h.
978 1194 1002 1230 1.
1034 1195 1254 1230 mutandum.
1283 1195 1376 1230 Nam
1405 1195 1496 1242 quod
1523 1195 1595 1230 illis
1622 1195 1708 1230 locis
1736 1195 1827 1230 Auli
1853 1194 1952 1241 filius

270 1250 475 1285 nominatur
501 1251 577 1286 siue
606 1251 679 1286 ulla
707 1252 901 1299 scripturae
928 1252 1109 1299 varietate,
1140 1253 1209 1288 nisi
1237 1253 1330 1300 quod
1359 1253 1410 1289 II.
1441 1254 1474 1299 3,
1508 1256 1523 1288 I
1549 1265 1612 1301 pro
1626 1253 1673 1288 A.
1691 1252 1764 1299 filio
1781 1253 1952 1301 seriptum

273 1312 326 1343 est
352 1308 464 1355 11ᾒῖιό
491 1313 525 1344 01
552 1310 679 1356 Atilio,
708 1322 778 1345 non
796 1311 978 1358 probabile
993 1311 1077 1346 facit
1096 1311 1259 1347 librarios
1273 1312 1338 1347 1100
1356 1312 1430 1347 1000
1445 1312 1589 1358 gravius
1604 1324 1737 1347 errasse
1752 1316 1785 1347 et
1803 1311 1952 1358 Aufidio

271 1367 452 1415 scripsisse
479 1380 541 1415 pro
569 1369 616 1403 A.
644 1368 729 1415 filio.
759 1369 884 1404 Orcllii
911 1374 1031 1405 autem
1057 1374 1266 1417 argumento
1294 1383 1468 1419 opponam
1487 1370 1609 1406 Barth.
1627 1370 1811 1417 Borghesii
1834 1374 1954 1406 aueto-

273 1425 426 1471 ritatem,
455 1426 515 1473 qui
543 1427 693 1474 putabat
721 1427 779 1462 1110
806 1440 881 1463 0550
908 1440 1105 1464 sermonem
1132 1429 1173 1464 de
1198 1429 1238 1465 T.
1268 1429 1423 1476 Aufidio,
1441 1429 1541 1464 cuius
1557 1429 1724 1464 memoria
1741 1429 1952 1464 servaturin

273 1485 346 1521 Cic.
394 1486 516 1533 Bruto,
560 1488 642 1533 179,
685 1487 721 1522 111
759 1491 844 1523 orat.
887 1500 920 1535 p.
962 1488 1100 1535 Flacco,
1141 1490 1200 1535 45,
1243 1492 1277 1524 et
1303 1489 1396 1536 apud
1422 1488 1504 1524 Val.
1532 1488 1630 1524 Max.
1659 1488 1726 1524 VI.
1757 1490 1789 1529 9,
1820 1489 1852 1524 7.
1880 1489 1953 1524 vid.

273 1544 458 1591 Borghesii
486 1545 589 1593 Oper.
619 1546 660 1582 T.
690 1546 777 1582 VII.
804 1560 837 1594 p.
864 1548 948 1582 586.
978 1547 1057 1594 Ille,
1086 1547 1115 1582 51
1143 1547 1269 1582 Asiam
1297 1560 1358 1595 pro
1378 1551 1536 1595 praetore
1549 1550 1632 1582 ante
1647 1547 1687 1582 P.
1705 1547 1894 1582 Variniurn
1912 1560 1953 1583 o:

272 1608 354 1639 ante
381 1616 412 1639 a.
443 1605 512 1639 682
541 1605 643 1652 rexit,
673 1618 735 1641 cur
762 1618 833 1641 11011
861 1606 977 1654 potuit
1004 1619 1035 1642 a.
1066 1607 1136 1641 689
1165 1607 1207 1642 de
1234 1607 1421 1642 consulatu
1447 1606 1596 1654 petendo
1624 1606 1803 1653 cogitare?

323 1662 352 1698 I.
396 1664 427 1709 1,
470 1664 502 1698 2.
543 1664 688 1699 Nostris
731 1665 928 1700 rationibus
968 1687 1014 1690 —
1042 1665 1253 1701 addiderim.
1295 1665 1392 1709 Quae
1420 1677 1514 1712 seqq.
1543 1668 1622 1713 post
1648 1666 1724 1700 viae
1749 1665 1956 1700 Flaminiae

274 1721 437 1757 mendose
465 1723 639 1771 descripta
667 1728 750 1759 sunt
776 1724 812 1758 in
841 1725 938 1760 codd.
966 1724 1044 1760 MZ.
1075 1724 1118 1759 111
1146 1737 1182 1759 re
1198 1725 1330 1759 incerta
1345 1724 1437 1760 Bait.
1454 1727 1488 1759 et
1503 1724 1621 1759 Klotz.
1637 1724 1765 1758 codicis
1779 1723 1829 1758 M.
1845 1722 1953 1770 scrip-

274 1784 389 1815 turam
418 1781 586 1816 intactam
614 1782 844 1829 reliquerunt,
882 1783 1050 1818 Wesenb.
1078 1783 1159 1830 plus
1185 1795 1293 1819 ausus
1321 1783 1428 1818 verba
1456 1783 1505 1818 ita
1532 1782 1660 1818 edidit:
1691 1804 1737 1807 —
1765 1793 1853 1829 quae
1879 1784 1952 1816 tam

274 1839 341 1873 erit
366 1838 540 1874 absoluta:
567 1852 649 1875 sane
675 1840 782 1887 facile
808 1853 885 1876 eam
912 1853 952 1876 ac
971 1841 1114 1876 libenter
1132 1841 1278 1877 Caesari
1292 1842 1463 1877 consulem
1478 1841 1634 1876 accedere
1649 1841 1807 1887 viderim,
1823 1840 1952 1888 partim

277 1897 494 1939 Schutzium,
531 1899 659 1946 partim
700 1899 883 1946 sigonium
925 1904 959 1935 et
986 1900 1016 1935 Ι.
1045 1900 1085 1936 F.
1115 1900 1335 1936 Gronovium
1363 1904 1522 1936 auctores
1550 1904 1700 1935 secutus.
1745 1899 1824 1934 Hoc
1849 1898 1953 1934 modo

275 1956 474 1991 obtinemus
514 1958 726 1993 sententiam
767 1958 947 2005 optimam,
986 1958 1146 2005 nihilque
1173 1959 1210 1994 in
1238 1959 1354 1994 verbis
1383 1959 1474 1994 inest
1501 1959 1592 2005 quod
1619 1958 1737 1993 Tullio
1765 1957 1952 2004 indignum

276 2015 333 2050 sit.
375 2015 482 2061 facile
518 2019 547 2051 et
586 2016 729 2052 libenter
755 2018 894 2065 saepius
920 2018 1051 2064 iunxit,
1079 2017 1179 2053 velut
1205 2018 1249 2053 ad
1276 2018 1354 2053 Att.
1382 2017 1450 2053 IX.
1481 2018 1513 2064 7,
1543 2019 1563 2052 5
1591 2030 1623 2065 p.
1652 2016 1740 2052 Sull.
1770 2017 1827 2051 64.
1866 2015 1952 2050 Post

273 2073 416 2109 libenter
456 2074 677 2110 inserendum
713 2079 766 2111 est
805 2088 897 2111 nunc
935 2077 1026 2123 quod
1067 2076 1104 2111 in
1144 2077 1181 2112 Z.
1216 2088 1296 2111 cum
1323 2075 1483 2123 sequenti
1511 2075 1684 2110 vocabulo
1712 2075 1749 2109 in
1777 2074 1952 2109 ›euneiteri

274 2132 464 2168 conflatum
492 2137 555 2179 est,
583 2133 621 2168 in
648 2134 740 2169 Med.
769 2140 887 2170 autem
913 2135 1018 2182 plane
1045 2135 1155 2171 adest.
1209 2134 1275 2170 Sed
1302 2134 1459 2170 accedere
1484 2145 1545 2182 pro
1576 2133 1734 2180 adiungi,
1767 2132 1848 2168 addi
1879 2143 1952 2167 non

275 2191 400 2240 placet.
445 2191 536 2227 Vide
572 2205 614 2228 ne
650 2197 802 2240 praestet
829 2206 847 2228 e
874 2197 1037 2241 corrupto
1063 2194 1251 2229 acciderim
1277 2193 1402 2229 elicere
1429 2193 1516 2228 addi
1542 2192 1700 2233 viderim,
1729 2203 1835 2239 quam
1861 2202 1953 2226 acce-

275 2250 355 2286 dere
382 2250 540 2286 viderim.

325 2309 354 2344 I.
387 2311 442 2355 14,
472 2311 505 2345 4.
546 2308 590 2344 Si
616 2322 772 2357 unquam
798 2310 887 2345 milii
912 2310 1080 2357 περίοδοι
1107 2315 1127 2356 ἢ
1153 2315 1313 2357 καμπαί
1334 2313 1355 2355 ἢ
1382 2311 1643 2357 ἐνθυμήματα
1669 2313 1688 2354 ἢ
1713 2310 1952 2346 κατασκευαὶ

274 2368 593 2416 suppeditaverunt.
622 2369 704 2404 Non
732 2369 918 2405 debueram
944 2370 982 2405 in
997 2370 1030 2406 h.
1049 2370 1073 2406 l.
1089 2371 1217 2406 codicis
1232 2370 1463 2406 Tornaesiaui
1478 2370 1580 2405 fidem
1595 2368 1768 2417 praeferre
1782 2367 1951 2413 Mediceo,

276 2427 312 2461 in
341 2438 409 2473 quo
438 2432 488 2462 ter
512 2428 545 2462 si
570 2439 632 2475 pro
659 2429 679 2470 ἢ
707 2428 876 2476 scriptum
904 2433 966 2464 est.
1005 2429 1113 2465 Recte
1140 2433 1219 2477 post
1245 2441 1300 2464 me
1327 2429 1360 2463 si
1385 2440 1418 2464 κ.
1446 2429 1478 2463 si
1504 2442 1530 2463 ε.
1557 2428 1590 2463 si
1615 2441 1649 2463 κ.
1678 2426 1871 2462 ediderunt.
1895 2424 1951 2460 Cf.

274 2485 316 2519 «lv
352 2485 431 2520 Fin.
474 2485 503 2520 I.
546 2487 610 2520 69:
648 2486 788 2521 Etenim
824 2487 857 2522 si
884 2487 968 2534 loca,
996 2488 1028 2523 si
1054 2487 1155 2535 fana,
1182 2488 1215 2523 si
1242 2487 1354 2534 urbes,
1381 2487 1414 2522 si
1437 2486 1634 2534 yymnasia,
1662 2485 1695 2520 si
1720 2495 1891 2532 eampum,
1919 2482 1955 2517 si

272 2555 386 2591 canes,
428 2544 459 2579 si
498 2556 598 2592 equos
623 2566 670 2570 —
697 2545 866 2581 (adclinare
890 2546 1047 2582 solemus.
1088 2546 1140 2583 De
1167 2546 1252 2593 Leg.
1280 2545 1310 2582 Ι.
1340 2546 1380 2581 7:
1409 2545 1516 2580 huius
1542 2545 1574 2579 si
1602 2544 1683 2590 vita,
1711 2544 1744 2578 si
1769 2554 1890 2588 mores,
1919 2541 1955 2577 si
