2163 3020
251 259 297 293 ‘2⁸2
459 266 771 296 OBSERVATIONES
794 264 971 294 CRITICAE
994 264 1045 292 AD
1067 264 1105 293 M.
1128 263 1258 292 TULLII
1281 261 1480 291 CICERONIS
1503 261 1721 290 EPISTOLAS.

300 364 346 399 X.
378 365 435 403 32,
465 365 498 399 3.
552 363 622 399 Illa
661 374 737 397 rero
767 363 837 398 iam
863 375 903 398 ne
932 362 1096 398 Caesaris
1122 361 1261 409 quidem
1287 360 1448 408 eremplo,
1476 359 1567 408 quod
1593 359 1687 395 ludis
1707 362 1925 408 praetextam

249 423 291 457 dc
317 436 379 457 suo
407 424 528 457 itinere
554 422 601 457 ad
629 421 672 458 L.
702 421 892 457 Lentulum
913 433 1050 470 procos⁸
1079 420 1339 456 sollicitandum
1360 420 1492 467 posuit.
1519 418 1599 454 Nisi
1627 418 1713 453 dure
1736 422 1770 454 et
1784 418 1928 454 insolite

251 483 401 518 Asinius
441 482 621 530 scripsisse
658 481 835 529 putandus
862 484 924 527 est,
953 493 1025 516 non
1052 481 1102 516 ita
1128 480 1292 528 scripsit,
1325 491 1408 514 nam
1434 478 1555 514 fabula
1583 489 1654 513 non
1676 478 1837 526 ponitur,
1867 477 1926 513 sed

249 542 467 589 componitur
492 545 526 576 et
553 541 684 587 agJe'tur.
728 540 784 575 Ita
811 540 915 588 paulo
943 543 1021 587 post
1048 539 1220 585 legimus:
1249 540 1279 573 et
1306 537 1456 585 quidem,
1486 549 1592 585 quum
1618 539 1791 584 afferetur,
1819 535 1925 582 flevit.

250 600 480 646 Ribbcckius,
509 600 564 635 die
592 604 676 636 rom.
710 599 902 645 Tragoedie
933 612 963 647 p.
978 600 1047 634 625
1075 601 1294 646 praetextam
1321 609 1343 632 a
1365 596 1478 632 Balbo
1505 596 1635 632 factam
1651 596 1850 643 suspicatus
1864 606 1928 643 pro

242 661 365 707 posuit
392 660 541 695 coniecit
568 659 768 707 composuit.
815 658 890 705 Ego
917 658 1057 694 malim:
1086 679 1134 683 —
1157 659 1375 705 praetextam
1401 657 1462 704 aqi
1488 656 1528 691 cle
1554 667 1617 691 suo
1646 656 1769 690 itinere
1794 677 1841 680 —
1863 666 1929 703 po-

242 719 358 766 poscit
386 731 425 753 o:
455 718 568 764 iussit,
598 717 721 753 voluit.
750 717 792 753 cf.
822 717 966 752 Ruhnk.
994 716 1038 752 ad
1066 716 1151 752 Rut.
1180 716 1271 764 Lup.
1300 715 1351 762 H,
1381 725 1464 750 XIX.

300 776 367 812 XI.
397 778 430 821 5,
460 777 493 812 3.
549 776 634 812 Cum
663 776 857 811 hortatione
882 787 950 810 non
977 787 1085 822 eqeas,
1114 777 1152 810 ut
1179 786 1292 822 supra
1320 774 1352 820 (ξ
1382 774 1415 817 1)
1443 774 1583 821 scripsi„
1611 785 1680 808 non
1697 776 1779 808 utar
1793 784 1832 808 ea
1845 772 1931 820 plec-

255 834 353 869 ribus
382 835 502 881 rerhl's,
531 835 664 881 fariam
693 835 791 881 illud,
821 834 911 882 quod
938 846 1046 869 meum
1075 836 1122 869 est
1149 837 1214 869 cet.
1242 833 1311 868 Vel
1337 832 1451 867 deleto
1478 844 1517 867 ea
1539 831 1709 867 faciamus
1725 831 1929 867 Ciceronem

249 893 290 928 dc
319 906 412 929 more
439 893 661 940 scribentem,
691 905 755 929 non
785 896 868 928 utar
889 892 1058 941 pluribus
1085 891 1207 933 verbis,
1236 892 1294 927 sed
1323 891 1444 939 paucis
1472 891 1537 926 tibi
1564 891 1683 926 omnia
1709 902 1787 926 mea
1813 889 1928 925 officia

247 952 448 1000 pollicebor,
477 953 533 988 vel
563 953 599 987 in
627 965 665 988 ea
693 953 802 988 latere
833 953 903 987 iam
931 953 995 999 (ia)
1023 952 1252 1000 suspicemur.

300 1011 366 1046 XI.
399 1012 454 1051 10,
484 1013 516 1046 5.
573 1010 707 1058 Septem
736 1023 919 1046 numerum
956 1022 1047 1046 iimcc
1090 1011 1263 1058 Ieyionum
1289 1010 1356 1045 alo.
1409 1010 1487 1045 Etsi
1514 1008 1656 1044 difficile
1681 1011 1734 1044 cst
1758 1008 1928 1043 iudicium

248 1069 289 1104 de
316 1069 398 1104 stilo
427 1069 469 1105 D.
498 1069 613 1116 Bruti,
642 1069 743 1105 cuius
771 1081 903 1117 paucae
930 1069 1100 1117 epistolae
1127 1072 1327 1116 supersunt,
1366 1072 1483 1104 tamen
1511 1079 1582 1103 non
1609 1071 1662 1102 est
1688 1067 1795 1102 nimis
1823 1070 1930 1102 teme-

245 1129 338 1164 raria
373 1129 525 1176 suspicio
562 1140 642 1164 enm
682 1140 754 1164 nou
790 1133 861 1163 tam
898 1128 1063 1176 perplexe
1090 1127 1282 1175 scripsisse,
1321 1139 1432 1174 quum
1459 1126 1572 1162 dicere
1599 1126 1706 1162 vellet
1733 1138 1769 1161 se
1797 1128 1929 1173 septem

248 1186 403 1233 legiones
430 1187 535 1222 alere.
565 1186 734 1234 Sequerer
761 1186 935 1222 Orellium
959 1187 1225 1222 emendantem:
1256 1185 1393 1234 Septem
1421 1196 1564 1220 numero
1591 1196 1682 1219 neme
1696 1184 1844 1232 legiones
1862 1183 1930 1230 alo,

247 1245 318 1281 nisi
343 1245 415 1280 alia
442 1245 609 1280 correctio
637 1245 724 1280 mihi
753 1245 860 1280 etiam
886 1245 1024 1280 facilior
1050 1245 1240 1280 videretur.
1279 1244 1395 1290 Lego:
1425 1243 1563 1291 Septem
1588 1242 1811 1278 nimirum
1838 1253 1930 1277 nunc

247 1304 394 1352 {cylones
420 1304 487 1340 alo.
528 1304 646 1347 Quum
674 1315 789 1339 errore
815 1303 1046 1339 describentis
1075 1304 1246 1338 nimirum
1272 1302 1310 1337 in
1337 1314 1520 1337 numerum
1547 1301 1757 1342 transiisset,
1784 1301 1932 1348 leye'ones

248 1363 287 1398 in
326 1363 498 1410 legionum
537 1362 667 1398 mutari
706 1362 866 1398 debebat.
906 1363 1078 1397 nimirum
1104 1365 1223 1398 autem
1249 1373 1321 1397 non
1347 1361 1498 1396 otiosum
1525 1363 1588 1396 est.
1623 1360 1692 1404 Qui
1718 1359 1824 1407 paulo
1849 1362 1931 1395 ante

248 1422 451 1470 scripserat:
480 1422 573 1457 alere
602 1422 673 1457 iam
698 1422 825 1458 milites
852 1434 920 1458 non
939 1434 1096 1470 possum,
1124 1434 1220 1457 nunc
1247 1421 1368 1457 addit:
1398 1420 1566 1456 nimirum
1594 1431 1635 1454 o:
1664 1431 1785 1454 revera
1799 1422 1932 1466 septem

249 1481 406 1528 legiones
432 1481 521 1517 mihi
548 1481 696 1517 alendae
723 1485 818 1518 sunt.

298 1540 367 1576 XI.
396 1542 454 1587 21,
484 1542 517 1577 2.
571 1540 655 1576 Non
695 1553 759 1589 quo
794 1544 935 1576 veterem
961 1540 1144 1576 comederit
1171 1561 1218 1566 —
1244 1539 1379 1574 nullam
1405 1538 1497 1574 enim
1522 1537 1645 1573 hahuit
1672 1559 1732 1583 —,
1760 1536 1819 1572 sed
1842 1536 1932 1572 hanc

251 1600 363 1648 ipsam
403 1602 566 1634 recentem
605 1611 729 1635 noram
767 1599 955 1635 decoravit.
1007 1598 1135 1634 Nescio
1175 1598 1258 1645 quid
1286 1596 1502 1633 Schmidtius
1530 1596 1568 1631 in
1594 1595 1792 1642 Philologo,
1821 1607 1925 1642 quem

249 1658 413 1694 Baiterus
440 1658 573 1705 laudat,
602 1658 644 1694 de
668 1658 725 1694 his
755 1659 870 1694 verbis
898 1658 1084 1705 monuerit,
1114 1657 1173 1693 sed
1202 1659 1364 1692 recentem
1390 1667 1516 1691 novam
1537 1655 1655 1703 inepte
1669 1655 1739 1690 dici
1754 1654 1928 1701 intelligo,

250 1718 503 1765 probaremque
529 1717 739 1765 Kleynium,
769 1717 829 1765 qui
857 1717 943 1753 Obs.
970 1716 1047 1752 crit.
1076 1729 1110 1764 p.
1139 1717 1183 1751 17
1213 1727 1338 1751 noram
1364 1715 1505 1761 delevit,
1533 1714 1626 1761 quod
1656 1717 1747 1749 vetus
1765 1717 1799 1749 et
1815 1725 1930 1748 recens

251 1777 319 1813 sibi
359 1777 488 1825 opponi
527 1776 652 1824 solent,
693 1777 762 1812 nisi
802 1777 918 1824 potius
957 1776 1051 1811 inter
1086 1779 1249 1811 recentem
1276 1786 1401 1810 novam
1427 1777 1457 1810 et
1484 1773 1540 1810 vel
1566 1785 1606 1808 ac
1633 1773 1928 1821 interponendum

252 1839 424 1883 putarem,
452 1839 492 1870 ut
519 1838 571 1870 est
598 1848 631 1883 p.
660 1835 798 1882 Flacco,
830 1837 874 1870 13
903 1835 973 1882 leqe
997 1834 1062 1869 hac
1089 1835 1216 1869 recenti
1243 1846 1283 1869 ac
1310 1845 1410 1869 noea.
1438 1832 1609 1869 Similiter
1636 1835 1729 1868 vetus
1755 1835 1855 1880 atque
1868 1844 1931 1867 an-

254 1896 370 1942 tiquus
396 1895 526 1942 passim
554 1894 590 1929 in
619 1894 739 1930 Plauti
766 1894 907 1941 fabulis,
935 1894 1029 1942 apud
1057 1893 1145 1929 alios
1166 1894 1312 1941 priscus
1343 1896 1372 1928 et
1399 1895 1502 1938 vetus,
1536 1892 1678 1939 priscus
1703 1903 1744 1926 ccc
1772 1894 1930 1937 vetustus,

248 1954 392 2001 priscus
418 1956 448 1987 et
474 1953 638 2000 antiquus
665 1953 874 2000 iunguntur.
903 1952 947 1988 cf.
976 1952 1123 1988 Ruhnk.
1152 1952 1196 1988 ad
1224 1952 1318 1988 Vell.
1348 1952 1427 1987 Pat.
1456 1951 1486 1988 Ι.
1520 1952 1576 1987 16.

303 2012 372 2047 XI.
413 2013 470 2058 27,
509 2013 541 2047 7.
585 2011 806 2060 Quapropter
834 2034 880 2038 --
906 2024 964 2060 eqo
999 2015 1029 2047 te
1055 2011 1272 2060 suffrayium
1299 2011 1418 2047 tulisse
1446 2011 1482 2046 in
1509 2010 1573 2045 filla
1599 2010 1668 2057 leqe
1694 2032 1741 2035 —
1768 2022 1837 2045 non
1863 2021 1933 2044 cre-

257 2071 346 2107 (lidi.
382 2071 479 2106 Haec
505 2071 611 2106 verba
638 2083 682 2106 ex
709 2071 857 2119 epistola
885 2071 1065 2107 Ciceronis
1092 2071 1136 2106 ad
1158 2071 1310 2107 Matium
1328 2070 1526 2106 accuratius
1545 2081 1649 2116 quam
1668 2069 1782 2104 adhuc
1800 2069 1932 2104 factum

257 2134 309 2166 est
335 2129 544 2177 explicanda
572 2134 665 2165 sunt.
706 2130 867 2166 Primum
894 2131 1087 2166 observabo
1113 2130 1328 2177 suffrcqsium
1356 2129 1452 2176 ferre
1478 2130 1516 2164 in
1543 2128 1612 2176 Zeqe
1638 2128 1816 2163 insolitam
1839 2127 1934 2163 locu-

251 2188 383 2223 tionem
412 2187 531 2233 videri,
560 2192 594 2223 et
621 2187 767 2223 fortasse
794 2188 1039 2235 corrigendum
1066 2188 1107 2224 de
1135 2189 1196 2223 illa
1223 2189 1302 2235 leqe.
1364 2188 1457 2223 Nam
1485 2187 1526 2222 de
1554 2187 1638 2233 Leg.
1667 2186 1737 2222 III.
1767 2187 1812 2221 33
1841 2185 1933 2232 quod

257 2247 364 2293 vulgo
403 2246 548 2293 legitur:
590 2246 768 2295 suffr-aym
808 2248 844 2282 ἱη
871 2249 1083 2295 maqistratu
1111 2247 1310 2283 mandando
1335 2259 1376 2282 ac
1401 2247 1442 2282 de
1470 2258 1527 2282 reo
1554 2245 1741 2281 iudicando
1768 2247 1869 2292 atque
1895 2245 1934 2279 in

257 2306 326 2353 {eye
363 2308 424 2340 aut
464 2306 641 2353 rcyatz'one
679 2306 768 2341 clam
808 2319 855 2341 an
887 2307 1012 2355 palam
1051 2307 1148 2354 ferri
1185 2307 1308 2342 melius
1346 2309 1439 2353 esset,
1467 2306 1538 2341 iam
1576 2305 1730 2340 Roberto
1756 2303 1935 2351 Stephano

258 2368 458 2412 suspectum
487 2368 561 2399 erat
587 2368 622 2399 et
648 2364 686 2399 in
713 2364 869 2401 Vahleni
896 2365 1049 2401 editione
1064 2366 1114 2401 ita
1128 2369 1303 2401 mutatum
1320 2368 1383 2412 est,
1400 2368 1440 2400 ut
1458 2367 1536 2412 post
1555 2363 1741 2399 iudicando
1760 2363 1934 2398 scribatur

258 2423 498 2470 sciseenclaque
525 2435 587 2471 pro
612 2427 722 2472 atque.
750 2424 842 2460 Tum
870 2425 1119 2472 quaerendum,
1148 2436 1321 2472 quaenam
1349 2424 1395 2460 sit
1413 2424 1476 2458 illa
1494 2424 1558 2459 lex.
1585 2423 1719 2459 Paulus
1737 2421 1933 2467 Manutius,

259 2494 362 2529 quem
401 2485 520 2528 aperte
548 2482 654 2516 tacite
680 2482 742 2517 alii
770 2483 977 2530 interpretes
1004 2483 1114 2518 secuti
1141 2486 1236 2530 sunt,
1263 2481 1412 2530 putabat
1438 2481 1495 2528 agi
1521 2481 1562 2516 de
1588 2480 1664 2527 lege
1689 2491 1720 2515 a.
1750 2491 1784 2515 U.
1814 2479 1884 2514 705
1912 2490 1934 2514 a

256 2539 404 2576 Caesare
443 2539 613 2575 dictatore
641 2540 725 2587 lata,
754 2541 855 2577 cuius
881 2541 1013 2577 mentio
1039 2542 1079 2577 fit
1104 2541 1143 2577 in
1170 2554 1198 2578 c.
1230 2543 1247 2577 l
1277 2540 1360 2576 libri
1386 2540 1446 2575 III
1473 2540 1516 2575 de
1542 2539 1584 2576 B.
1614 2538 1691 2575 Civ.
1731 2538 1797 2574 Sed
1825 2550 1934 2585 quum
