2163 3020
432 281 740 311 OBSERVATIONES
766 280 940 311 CRITICAE
962 281 1016 308 AD
1038 279 1075 307 M.
1099 277 1228 306 TULLII
1251 275 1448 305 CICERONIS
1471 273 1684 303 EPISTOLAS.
1848 262 1893 298 4⁷9

232 379 426 415 dormitans
461 379 597 426 reliqui,
631 380 722 427 quod
760 379 865 415 Bosio
905 377 1066 413 debetur:
1121 374 1180 410 Ita
1221 373 1308 408 milti
1336 372 1469 408 videtur
1496 383 1564 407 non
1590 371 1705 406 minus
1731 369 1895 405 stomachi

233 440 349 472 nostro
375 448 415 471 ac
443 436 588 472 Caesari
614 437 744 484 fecisse.
772 436 931 472 Sciebam
958 434 1052 470 enim
1076 432 1279 469 Ciceronem
1306 443 1378 466 non
1404 430 1560 478 posuisse
1587 440 1626 463 ac
1653 431 1730 476 post
1757 439 1893 474 compa-

235 495 398 531 rativum.
440 495 506 531 Off.
546 508 634 542 quae
671 495 838 531 adnotavi
874 494 917 530 ad
944 492 1053 528 XIII.
1083 493 1115 538 2,
1145 491 1177 526 3.
1205 489 1305 525 Libri
1333 489 1454 536 scripti
1480 488 1566 523 dant
1594 490 1708 522 nostro
1737 486 1893 533 Caesari,

236 554 326 601 quod
354 554 484 589 ironice
510 554 551 589 de
577 554 742 602 Pompeio
768 553 879 601 accipi
907 564 1006 600 posse
1032 549 1217 587 Manutius
1244 547 1334 583 male
1361 547 1518 595 putabat.
1546 546 1629 582 Sine
1654 545 1760 581 dubio
1778 545 1893 579 locum

236 612 385 647 correxit
411 611 611 659 Malaspina
637 611 820 647 inserendo
846 622 962 658 qaam,
990 621 1053 645 nec
1080 606 1273 643 audiendus
1300 606 1345 641 A.
1375 605 1434 641 W.
1464 604 1601 652 Zumpt,
1629 604 1689 650 qui
1709 604 1745 638 in
1759 602 1892 638 Comm.

237 670 416 718 epigraph.
458 670 524 706 vol.
566 671 583 706 Ι
624 684 655 718 p.
685 671 755 706 309
783 682 844 717 pro
872 673 986 705 nostro
1016 667 1161 704 Caesam·
1187 665 1326 712 scripsit
1352 667 1467 699 nostro
1498 664 1626 699 Gnaeo.
1664 662 1756 697 Nam
1784 672 1895 707 neque

237 729 426 764 verisimile
465 732 516 764 est
555 741 595 764 ea
634 729 778 764 nomina
815 741 836 764 a
870 726 1024 764 librariis
1063 738 1136 761 esse
1163 726 1370 772 permutata,
1398 725 1432 758 et
1458 734 1529 757 non
1555 721 1749 768 scripsisset
1775 719 1896 755 Cicero

236 800 304 823 non
332 787 457 833 initias,
486 787 515 822 si
542 786 641 822 nulla
667 786 826 823 Caesaris
853 786 1030 821 mentione
1056 784 1148 818 facta
1173 782 1214 817 de
1242 793 1311 817 uno
1337 780 1503 827 Pompeio
1529 779 1626 826 loqui
1652 778 1830 813 voluisset.

286 844 332 881 V.
363 846 418 891 11,
448 846 480 880 6.
521 844 614 880 Nam
643 845 731 879 mihi
759 845 787 879 is
814 846 864 879 ter
891 843 981 878 dixit
1008 845 1037 877 te
1062 840 1242 888 scripsisse
1268 839 1316 874 ad
1340 850 1374 873 se
1400 838 1487 873 milei
1513 850 1553 872 ex:
1580 837 1676 872 illins
1695 836 1806 871 literis
1825 847 1896 870 rem

241 904 337 939 illam
362 915 466 938 carae
491 903 611 949 faisse.
640 902 758 938 Verba
785 902 822 937 in
849 901 923 937 cod.
952 901 1001 936 sic
1028 900 1158 946 scripta
1184 896 1378 943 emendavi,
1407 899 1445 931 ut
1460 894 1568 943 potui.
1598 894 1664 930 Sed
1683 906 1737 929 res
1752 893 1896 928 fortasse

239 962 364 998 melius
392 962 495 997 cessit
521 962 725 997 Meutznero
751 961 788 996 in
815 972 962 995 censura
988 970 1083 993 meae
1111 956 1274 992 editionis
1303 968 1334 1003 p.
1364 955 1446 1001 782,
1467 954 1527 1000 qui
1546 954 1595 988 sic
1609 952 1773 988 coniecit:
1802 952 1897 987 Nam

240 1020 327 1056 mike?
355 1021 419 1055 ista
447 1020 524 1054 dixi
549 1022 579 1054 te
604 1019 785 1066 scripsisse
810 1021 911 1065 atque
937 1017 1024 1052 mihi
1049 1028 1088 1050 ex
1116 1015 1186 1050 illis
1213 1014 1338 1048 litteris
1365 1025 1436 1048 rem
1465 1012 1561 1047 illam
1588 1023 1691 1046 carae
1718 1010 1838 1056 faisse.

291 1078 336 1114 V.
376 1080 431 1124 15,
471 1079 503 1113 3.
544 1078 613 1113 Sed
651 1077 813 1124 feremus,
841 1076 949 1122 modo,
977 1076 1009 1110 se?
1034 1086 1086 1109 me
1112 1085 1220 1119 amas,
1248 1073 1293 1107 stt
1320 1083 1444 1107 (omncs.
1484 1070 1595 1106 Adsis
1621 1073 1657 1104 tu
1684 1069 1730 1105 ad
1756 1072 1897 1116 tempus,

243 1141 278 1173 ut
304 1141 458 1173 senatum
485 1138 615 1172 evelles.
643 1136 687 1171 In
713 1135 895 1172 Addendis
923 1134 992 1170 vol.
1019 1133 1069 1169 II.
1098 1146 1130 1180 p.
1160 1132 1230 1167 383
1260 1131 1380 1166 monui
1406 1129 1493 1165 mihi
1521 1128 1741 1164 scribendum
1769 1127 1898 1163 videri:

243 1195 310 1231 Sed
336 1195 497 1241 feremus,
535 1194 631 1229 modo
657 1194 703 1229 sit
739 1205 864 1229 annus.
903 1193 945 1228 Sa·
971 1204 1022 1227 me
1048 1202 1156 1237 amas,
1184 1189 1280 1224 adsis
1306 1191 1343 1223 ta
1371 1188 1440 1232 (vel
1466 1187 1593 1231 adesto)
1622 1186 1668 1222 ad
1694 1190 1835 1233 tempus,
1866 1188 1901 1221 ut

239 1257 394 1289 senatum
420 1254 550 1288 eoecites.
578 1253 683 1287 Nunc
710 1252 810 1287 video
837 1250 1129 1296 Wesenbergium
1156 1248 1275 1284 eodem
1303 1247 1402 1282 modo
1431 1246 1536 1281 verba
1562 1247 1594 1280 si
1613 1257 1662 1280 me
1675 1256 1773 1280 avitas
1787 1248 1899 1279 trans-

240 1312 407 1360 posuisse.
435 1312 534 1355 Quod
562 1311 652 1346 iden]
681 1311 820 1359 scripsit
849 1310 944 1346 modo
971 1310 1017 1345 sit
1043 1320 1199 1344 (tnfmmm
1226 1305 1305 1342 coll.
1333 1306 1351 1352 ξ
1381 1307 1420 1340 1:
1462 1304 1530 1340 Sed
1556 1304 1681 1351 feram,
1711 1306 1745 1339 ιιέ
1766 1307 1897 1351 potero,

240 1372 285 1406 sit
311 1371 409 1405 ‘modo
445 1382 612 1416 (carenam,
641 1381 712 1404 non
739 1369 974 1405 necessarium
1001 1367 1087 1402 1111111
1115 1366 1263 1401 videtur.
1304 1363 1370 1399 Sed
1398 1375 1506 1409 quum
1532 1362 1574 1397 ad
1603 1361 1666 1396 illa
1692 1361 1797 1396 verba
1824 1361 1900 1396 Ma-

239 1429 377 1477 laspina
408 1429 544 1464 monuit
582 1428 615 1463 11.
643 1427 666 1462 1.
695 1428 732 1462 111
760 1427 907 1462 vetustis
933 1426 1006 1462 suis
1032 1438 1065 1460 o:
1092 1425 1130 1460 in
1157 1424 1233 1459 AF
1260 1422 1329 1468 legi
1355 1422 1401 1456 sit
1428 1432 1577 1466 (minuas,
1606 1419 1754 1454 concedo
1782 1423 1899 1454 tamen

241 1488 289 1522 ita
316 1488 432 1534 potius
459 1486 703 1532 corrigendum
729 1497 813 1533 esse,
842 1498 948 1533 quam
973 1484 1194 1520 retinendum
1213 1481 1304 1528 quod
1332 1481 1369 1515 in
1390 1479 1506 1514 codice
1531 1478 1624 1514 Med.
1653 1478 1820 1525 scriptum
1846 1480 1898 1513 est

239 1546 285 1580 sit
311 1556 435 1580 annas.
463 1544 556 1579 Nam
583 1547 660 1591 post
687 1543 838 1590 feremus
865 1547 956 1579 recte
983 1545 1184 1589 sequeretur
1210 1541 1320 1575 simus
1346 1538 1467 1584 annai,
1496 1549 1567 1572 non
1594 1537 1661 1571 sim
1687 1548 1836 1571 annectis.

289 1604 334 1639 V.
371 1605 428 1650 21,
472 1604 527 1638 13.
570 1602 818 1637 Commemorat
857 1602 943 1650 qaid
979 1602 1061 1637 olim
1100 1600 1186 1635 mali
1228 1598 1265 1634 C.
1292 1597 1412 1633 Iulias
1437 1596 1568 1643 fecerit,
1597 1607 1702 1642 aecum
1728 1595 1898 1630 dieculam

238 1663 387 1698 duxerit.
428 1661 564 1698 Ultima
602 1662 707 1696 verba
742 1661 791 1696 sic
828 1661 1019 1709 explicavi:
1045 1671 1153 1706 quum
1181 1662 1317 1704 tempus
1343 1654 1528 1691 solutionis
1556 1653 1760 1688 brevissimo
1787 1653 1898 1700 spatio

240 1721 445 1769 prorogarit,
474 1719 677 1766 ostendique
702 1719 871 1754 dieculam
898 1731 959 1766 pro
986 1717 1084 1753 brevi
1111 1728 1207 1752 mora
1234 1715 1272 1750 in
1300 1726 1365 1749 11511
1392 1713 1499 1748 fuisse
1515 1712 1552 1747 in
1567 1711 1748 1747 Addendis
1764 1711 1831 1746 vol.
1847 1711 1897 1746 II.

241 1792 274 1827 p.
303 1780 386 1814 383.
426 1779 499 1814 Nec
526 1779 661 1813 mutavi
697 1778 908 1813 sententiam
943 1777 1042 1813 lectis
1069 1788 1157 1823 quae
1184 1773 1347 1810 Klotzius
1375 1772 1412 1807 in
1437 1771 1584 1806 Adnott.
1614 1770 1656 1805 ad
1684 1770 1747 1804 has
1773 1769 1899 1817 episto-

240 1837 293 1873 las
320 1837 369 1872 II.
399 1849 431 1884 p.
464 1838 506 1871 12
534 1836 739 1883 disputavit,
767 1839 805 1871 ut
832 1835 1090 1871 commendaret
1117 1845 1217 1868 suam
1244 1831 1479 1866 coniecturam
1505 1840 1611 1875 quam
1637 1827 1805 1862 dieculam
1814 1839 1899 1874 pro-

241 1895 380 1931 dixerit.
409 1895 501 1930 Nam
528 1894 617 1929 diem
639 1894 821 1941 prodicere
847 1894 999 1929 latinum
1025 1905 1101 1928 esse
1127 1895 1161 1927 et
1187 1890 1358 1925 usitatum
1384 1888 1451 1922 loci
1478 1900 1498 1922 a
1515 1886 1658 1922 Klotzio
1672 1885 1899 1921 0111111051οῃ-

242 1954 341 2000 dunt,
377 1953 543 1988 dieculam
570 1952 752 2000 prodicere
790 1964 890 1987 nemo
926 1952 1017 1987 dixit
1042 1963 1106 1986 1150
1132 1949 1244 1984 dicere
1271 1947 1395 1995 potuit.
1435 1946 1569 1981 Ducere
1593 1947 1710 1979 autem
1736 1943 1900 1979 habuisse

242 2011 465 2059 producendi,
493 2010 702 2058 prorogandi
727 2010 799 2045 vim
826 2010 978 2045 ostendit
1005 2008 1188 2045 Cornelius
1214 2006 1332 2052 Nepos
1351 2004 1387 2039 in
1401 2003 1572 2039 Themist.
1589 2003 1626 2037 7:
1642 2002 1734 2037 dedit
1748 2013 1898 2049 operam,

243 2073 280 2106 ut
303 2082 403 2117 quam
430 2069 622 2116 lonqissime
648 2071 775 2116 tempus
801 2069 946 2114 (laceret,
974 2068 1034 2103 ubi
1074 2067 1144 2102 vid.
1171 2064 1302 2101 Bremii
1329 2062 1520 2108 adnotatio,
1548 2064 1581 2096 et
1607 2060 1782 2096 Martialis
1809 2060 1898 2095 XII.

245 2130 309 2164 36:
337 2128 494 2163 aureolos
520 2127 638 2174 donas,
667 2127 810 2162 Possint
837 2127 958 2162 ducere
985 2128 1045 2173 qui
1072 2126 1160 2161 duas
1187 2121 1378 2159 Kalendas.
1417 2120 1470 2156 Cf.
1498 2132 1634 2167 quoque
1660 2119 1700 2154 P.
1728 2119 1901 2155 Burman-

244 2198 310 2222 nus
336 2186 379 2222 ad
406 2185 541 2221 Lucani
569 2185 692 2221 Phars.
721 2185 827 2221 VIII.
856 2186 938 2220 479.

294 2245 358 2281 VI.
401 2246 430 2292 l,
469 2245 525 2280 17.
566 2244 686 2280 Cicero
722 2244 937 2290 indignatur,
974 2242 1066 2289 quod
1104 2241 1145 2284 Q.
1187 2240 1360 2276 Caecilius
1395 2236 1553 2273 Metellus
1581 2236 1699 2283 Scipio
1725 2237 1901 2272 nesciebat

244 2315 413 2352 proavum
440 2315 543 2338 suum
569 2303 608 2338 P.
637 2302 840 2338 Cornelium
867 2302 1065 2349 Scipionem
1091 2299 1255 2335 Nasicam
1283 2297 1517 2344 Serapionem,
1542 2294 1603 2341 qui
1629 2294 1761 2330 Consul
1787 2295 1901 2330 fuerat

244 2375 275 2398 a.
305 2363 387 2408 616,
415 2373 486 2396 non
512 2361 619 2396 fuisse
646 2373 833 2407 censorem,
861 2360 965 2407 idque
991 2367 1025 2395 et
1051 2357 1322 2404 interrogatione
1349 2356 1409 2390 αῖη
1435 2354 1498 2388 tu?
1526 2352 1645 2400 Scipio
1671 2353 1725 2387 laic
1743 2353 1901 2388 illetellecs

238 2431 414 2468 proavum
439 2430 539 2454 suam
576 2419 680 2453 nescit
713 2430 881 2453 censorem
917 2430 984 2453 non
1010 2416 1147 2463 faisse?
1175 2419 1209 2451 et
1241 2414 1404 2449 disertius
1431 2412 1535 2447 etiam
1562 2411 1599 2446 in
1626 2414 1780 2446 extrema
1807 2412 1825 2457 ἓ
1855 2411 1899 2446 18

245 2477 378 2513 verbis:
408 2476 477 2512 Sed
500 2476 629 2511 nescire
648 2487 824 2523 proavum
849 2488 951 2511 suam
984 2486 1152 2510 censorem
1188 2485 1255 2508 non
1281 2471 1392 2518 faisse
1418 2472 1518 2516 turpe
1544 2472 1591 2504 est
1617 2468 1780 2505 declarat.
1820 2469 1901 2517 Ipse

245 2546 327 2571 vero
353 2534 487 2570 Metelli
513 2545 663 2569 errorem
690 2545 753 2569 nec
779 2535 893 2581 potuit
919 2545 982 2568 nec
1008 2532 1121 2567 voluit
1147 2542 1323 2576 excusare,
1352 2527 1443 2574 quod
1470 2526 1619 2573 fecisset,
1648 2527 1676 2561 si
1693 2526 1900 2573 scripsisset,

1718 2585 1760 2616 14

243 2649 397 2672 Lnr‘rsnn.
426 2649 522 2670 VERE.
548 2649 611 2670 mm
636 2647 793 2669 RONINKL.
819 2648 996 2669 1111111111111.
1024 2646 1104 2668 unm,
1128 2635 1225 2667 XIII.
