2163 3020
446 277 757 307 OBSERVATIONES
780 276 955 305 CRITICAE
980 276 1030 304 AD
1055 277 1091 304 M.
1119 276 1248 305 TULLII
1270 276 1469 305 CICERONIS
1493 277 1706 308 EPISTOLAS.
1870 273 1914 307 13

246 377 378 424 nequit.
416 376 508 422 Ergo
547 375 731 410 dicendum
766 378 817 410 est
854 374 890 408 in
918 373 978 408 illo
1008 372 1214 408 Stabianum
1241 373 1349 408 latere
1376 374 1549 409 obiectum
1579 376 1674 411 verbi
1696 377 1906 424 perforasti.

246 435 346 478 Quod
373 434 474 481 quale
501 434 605 469 fuerit
632 433 813 480 quaerenti
840 432 927 467 mihi
954 444 989 466 se
1016 432 1145 466 obtulit
1171 431 1350 466 tablinum.
1379 432 1503 479 Itaque
1531 434 1751 470 scribendum
1769 448 1907 472 censeo:

245 506 285 528 ex
311 505 374 540 qao
400 492 462 527 tihi
488 492 656 527 tabllmmz
678 491 874 539 perforasti
900 494 929 525 et
949 490 1149 537 patefecisti
1173 490 1297 525 sirum.
1336 490 1427 533 Quid
1455 490 1559 525 fuerit
1586 492 1783 528 tabulinum
1811 494 1910 529 docet

246 550 480 597 fragmentum
507 563 525 585 e
552 550 721 585 Varronis
749 550 790 584 de
816 549 890 584 vita
915 548 1035 596 populi
1062 549 1127 583 Ro.
1156 548 1245 582 libro
1272 548 1301 593 I,
1330 552 1505 583 servatum
1533 561 1553 583 a
1579 549 1695 584 Nonio
1711 563 1743 597 p.
1761 552 1805 585 83
1822 551 1908 587 inv.

246 612 374 644 cortes:
418 608 494 653 „Ad
535 608 649 643 focum
690 608 813 655 hyeme
840 612 874 642 et
900 607 1088 653 frigoribus
1114 606 1348 651 coenitabant,
1387 607 1517 641 aestivo
1546 610 1698 654 tempore
1725 608 1760 642 in
1788 621 1910 656 propa-

247 667 331 713 tulo,
373 679 451 701 rure
490 667 526 701 in
555 670 658 711 corte,
688 666 724 700 iu
753 666 836 700 urbe
862 665 899 700 in
926 665 1097 710 tabulino,
1127 664 1217 711 quod
1247 664 1469 698 maenianum
1498 676 1681 711 possumus
1708 666 1908 711 intellegere

247 725 377 760 tabulis
416 725 660 760 fabricatuns'.
700 725 763 759 Est
803 724 911 770 igitur
948 723 1037 770 quod
1065 723 1166 758 hodie
1193 723 1411 770 appellamus
1439 735 1493 757 een
1524 723 1652 769 baleon,
1681 727 1714 758 et
1741 725 1910 760 tablinum

240 784 431 831 perforare
469 788 521 818 est
560 784 733 830 perforato
774 783 925 817 cubiculi
971 782 1101 829 pariete
1128 782 1239 817 facere
1266 781 1452 817 tablinum.
1494 781 1598 816 Sinus
1625 786 1740 816 autem
1768 784 1908 819 nomine

247 842 449 888 designatur
488 845 580 876 totus
621 842 679 876 ille
714 844 826 876 crater
852 841 1018 876 (toleratas
1045 841 1136 887 (Aa.
1166 840 1214 875 Π.
1246 841 1278 885 8,
1309 840 1356 886 2),
1386 840 1445 886 qui
1474 840 1683 875 terminatur
1710 846 1910 888 promunto-

247 901 308 935 riis
335 901 515 935 Minervae
542 904 575 935 et
604 900 749 934 Miseno.
779 899 821 934 cf.
850 899 974 934 Strabo
1001 898 1045 934 V.
1074 911 1107 946 p.
1137 899 1206 933 247
1236 897 1386 933 Casaub.

296 958 382 993 VH.
414 961 443 1004 1,
474 960 505 993 2.
550 958 594 993 In
624 958 725 1005 Equo
759 958 912 992 Troiano
939 960 1172 991 creterrarmn
1198 957 1271 990 tria
1300 955 1409 990 milia.
1441 956 1617 991 Creta-ras
1632 956 1764 991 Paulus
1780 957 1817 991 in
1835 969 1908 993 exc,

247 1016 342 1051 Festi
369 1029 402 1063 p.
432 1018 476 1051 53
504 1017 753 1063 interpretatur
780 1027 873 1054 vasa,
901 1015 1104 1060 ‹lerivatque
1131 1026 1151 1049 a
1178 1018 1319 1059 cratere,
1348 1017 1381 1047 et
1408 1013 1546 1048 Nonius
1574 1027 1606 1061 p.
1636 1015 1706 1048 547
1735 1026 1796 1049 suo
1824 1019 1909 1049 tem-

247 1087 328 1122 pore
365 1075 490 1109 situlas
534 1075 643 1109 dictas
683 1087 755 1109 ess-e
798 1074 906 1108 docet.
961 1073 1025 1108 Sed
1065 1073 1147 1119 quid
1176 1072 1341 1107 movisset
1367 1084 1434 1117 eos,
1463 1073 1523 1118 qui
1551 1072 1687 1118 Equum
1715 1073 1908 1109 Troianum

246 1133 374 1168 Naevii
401 1134 458 1179 (cf.
486 1134 657 1168 Macrobii
685 1133 754 1167 Sat.
784 1133 848 1167 VI.
880 1134 910 1178 1,
941 1132 999 1174 38)
1037 1132 1159 1166 darent
1186 1131 1314 1178 populo
1342 1131 1578 1178 spectandam,
1607 1138 1646 1165 ut
1673 1135 1723 1166 tot
1750 1144 1834 1166 vasa
1854 1131 1910 1167 vel

247 1197 397 1227 crateras
424 1193 461 1226 in
488 1204 626 1226 scenam
654 1191 872 1238 proruerent?
912 1189 1084 1224 Graevius
1112 1189 1281 1236 aptiorem
1309 1200 1383 1223 esse
1410 1189 1532 1223 videns
1560 1189 1772 1224 mentionem
1798 1201 1910 1224 armo-

246 1263 336 1290 rum,
366 1250 515 1285 coniecit
541 1249 726 1295 legendum
753 1252 937 1293 cetraram,
967 1248 1163 1295 suspicatus
1191 1259 1309 1281 omnes
1337 1247 1397 1293 qui
1423 1259 1465 1281 ex
1493 1259 1581 1293 equo
1608 1246 1724 1293 ligneo
1742 1248 1910 1294 prodiisse

247 1309 469 1354 fingebantur
495 1308 663 1343 eiusmodi
691 1308 822 1355 clypeis
849 1308 955 1342 fuisse
982 1307 1180 1341 instructos.
1222 1306 1321 1348 Quod
1360 1306 1409 1340 ita
1436 1306 1543 1352 probo
1571 1309 1609 1340 ut
1636 1318 1706 1340 non
1734 1306 1812 1341 illos
1839 1306 1913 1353 cly-

246 1377 339 1414 peos,
380 1367 438 1401 sed
477 1366 606 1401 milites
646 1367 748 1401 cetris
788 1370 895 1401 tectos
934 1365 991 1399 hic
1030 1364 1223 1412 appellatos
1268 1364 1374 1398 fuisse
1401 1367 1531 1410 putem.
1583 1363 1652 1398 Pro
1679 1367 1912 1399 creterrarum

248 1425 366 1471 itaque
393 1425 585 1459 scribamus
612 1427 832 1459 cetratormn.

297 1483 383 1518 VII.
413 1484 445 1529 2,
475 1484 507 1518 2.
561 1483 693 1529 Agitur
719 1483 760 1517 de
787 1481 1075 1517 condemnatione
1101 1480 1143 1516 T.
1170 1480 1329 1515 Munacii
1357 1479 1482 1514 Planci
1509 1479 1652 1515 Bursae.
1680 1479 1732 1515 Ea
1747 1492 1782 1515 se
1797 1481 1909 1527 magis

246 1541 416 1577 laetatum
456 1541 576 1576 scribit
616 1541 734 1576 Cicero
773 1553 877 1587 quam
912 1542 1022 1574 morte
1048 1539 1088 1574 P.
1117 1538 1242 1584 Clodii,
1270 1537 1434 1584 additque
1468 1537 1531 1572 has
1558 1538 1725 1572 rationes:
1747 1539 1909 1585 primam

246 1601 337 1634 enim
379 1600 505 1634 iudicio
547 1599 636 1634 wizalo
674 1611 777 1647 quam
812 1599 941 1646 yladl'o,
982 1598 1103 1633 deinde
1140 1597 1257 1645 ιᾳῖονία
1287 1597 1408 1643 potius
1443 1597 1549 1630 amici
1575 1608 1678 1643 qaam
1703 1596 1908 1633 calamitate.

245 1658 404 1693 Primum
431 1658 518 1693 illud
545 1659 630 1693 satis
656 1658 883 1693 manifestum
910 1662 971 1704 est,
1000 1657 1150 1692 alterum
1177 1656 1375 1691 obscurum.
1417 1654 1528 1689 Nulla
1561 1654 1653 1689 enim
1681 1654 1718 1689 in
1733 1667 1772 1690 ea
1786 1667 1822 1690 re
1836 1658 1910 1690 erat

245 1717 357 1763 gloria
395 1718 509 1764 amici,
553 1717 611 1752 sed
650 1717 759 1764 ipsius
799 1716 988 1757 Ciceronis,
1017 1716 1077 1762 qui
1104 1716 1253 1750 Bursam
1281 1717 1512 1761 oppugnarat.
1567 1713 1680 1749 Clodii
1707 1725 1788 1748 vero
1814 1725 1905 1749 mors

245 1775 431 1809 coniuncta
458 1775 571 1810 fuerat
597 1787 676 1809 cum
703 1775 902 1809 calamitate
927 1774 1041 1815 amici,
1069 1772 1224 1808 Milonis.
1265 1772 1389 1818 Itaque
1416 1771 1656 1806 scribendum:
1686 1771 1807 1806 deinde
1830 1771 1903 1818 ylo-

249 1834 305 1867 re'a
324 1834 446 1880 potius
475 1845 545 1867 mea
573 1834 678 1867 (luzici
704 1845 808 1879 qaam
833 1833 1040 1878 calamitate,
1067 1831 1199 1866 leniore
1224 1830 1374 1865 remedio
1401 1842 1505 1876 quam
1533 1841 1600 1875 quo
1627 1841 1710 1864 usus
1729 1833 1781 1864 est
1799 1829 1908 1877 Pluy-

247 1891 381 1937 gersius
420 1891 458 1926 in
497 1903 588 1925 nova
627 1891 856 1938 Mnemosyne
881 1890 961 1926 Vol.
990 1890 1019 1925 I.
1048 1902 1081 1937 p.
1110 1890 1175 1924 62:
1204 1888 1324 1923 deinde
1347 1888 1463 1935 qlorz'a
1481 1888 1635 1934 propria
1655 1888 1777 1934 potius
1802 1899 1906 1934 qaam

247 1950 353 1984 amici
379 1949 582 1984 calamitate.

297 2008 384 2043 VH.
413 2010 445 2053 5,
475 2009 508 2043 3.
561 2007 680 2043 Simus
707 2008 796 2042 enim
819 2006 1063 2054 pzcticliasczcll',
1091 2017 1195 2052 quam
1215 2017 1282 2052 per
1308 2008 1338 2039 te
1366 2005 1422 2039 2:221*
1447 2004 1548 2048 Iz'cet;
1578 2015 1703 2049 rerum,
1734 2006 1769 2038 ut
1799 2004 1903 2050 rideo,

248 2065 370 2101 licebit.
423 2066 478 2100 Ex
517 2065 635 2100 adnot.
675 2065 793 2100 critica
833 2068 976 2112 apparet
1013 2063 1306 2108 Wesenbergium
1344 2062 1503 2097 dubitare
1529 2062 1570 2097 de
1596 2062 1663 2097 loci
1691 2062 1902 2109 integritate,

248 2136 355 2171 eoque
382 2124 552 2159 inclinare
578 2128 617 2159 ut
644 2136 723 2158 cum
749 2127 863 2158 vetere
889 2123 1018 2158 editore
1044 2134 1174 2168 samus,
1202 2133 1280 2156 cum
1307 2121 1456 2156 Ernesto
1482 2132 1688 2168 quamquam
1719 2132 1779 2168 pro
1799 2132 1902 2168 quam

247 2183 466 2218 scribendum
502 2186 610 2230 putet.
662 2183 738 2228 Ego
776 2182 891 2217 locum
926 2181 1051 2216 melius
1091 2182 1135 2216 ab
1178 2180 1289 2215 Henr.
1330 2179 1506 2227 Stephano
1544 2180 1581 2214 iu
1608 2179 1901 2215 Pseudocicerone

245 2254 279 2289 p.
308 2242 521 2277 CCXXXH
549 2254 641 2288 seqq.
670 2241 887 2276 intellectum
914 2245 947 2275 et
974 2243 1165 2275 correctum
1192 2239 1364 2285 existimo,
1393 2238 1577 2273 dummodo
1591 2238 1814 2283 adsciscatur,
1831 2250 1902 2272 non

246 2300 337 2346 quod
372 2300 445 2335 Jos.
473 2300 553 2335 Frei
580 2300 769 2334 arbitratus
795 2303 847 2333 est
874 2299 910 2333 in
938 2310 1056 2333 reram
1082 2298 1190 2333 latere
1209 2309 1277 2344 per
1302 2308 1388 2342 enm,
1417 2296 1475 2331 sed
1495 2308 1562 2343 per
1588 2296 1678 2330 hune
1705 2298 1757 2338 (ut
1796 2307 1901 2343 supra

245 2358 287 2393 de
313 2358 431 2393 eodem
458 2358 597 2392 homine
624 2358 713 2392 lame
739 2361 772 2392 et
798 2357 878 2391 Ιιιιῖε
904 2357 1031 2404 posuit)
1059 2360 1093 2391 et
1119 2368 1180 2403 pro
1206 2355 1373 2401 languido
1403 2358 1438 2389 at
1466 2354 1559 2389 rideo
1572 2357 1759 2402 reponatur
1772 2355 1900 2401 utique,

245 2417 337 2463 quod
364 2416 484 2452 Cicero
511 2417 547 2450 in
571 2416 726 2463 epistolis
742 2416 940 2462 frequenter
955 2415 1149 2462 usurpavit.
1172 2414 1293 2449 Cicero
1307 2414 1400 2448 enim
1415 2413 1487 2448 sola
1502 2414 1661 2460 proxima
1675 2413 1780 2449 verba
1794 2416 1899 2448 totum

245 2475 390 2522 denique
414 2475 581 2509 hominem
610 2474 673 2509 tibi
698 2474 798 2508 trado
825 2474 865 2508 de
892 2486 1008 2515 mame,
1040 2477 1075 2508 nt
1100 2474 1210 2519 ae'zmt,
1242 2473 1276 2507 in
1291 2484 1429 2507 manum
1446 2475 1538 2506 tuam
1556 2473 1657 2507 istam
1671 2475 1699 2507 et
1715 2473 1857 2507 victoria
1873 2474 1902 2506 et

244 2533 312 2580 fide
329 2537 563 2580 praestantem
590 2533 777 2580 respiciens
804 2533 981 2580 scripsisse
1009 2532 1163 2566 videtur:
1193 2530 1323 2566 Samus
1350 2531 1441 2565 enim
1459 2530 1704 2577 paticlizcsculi,
1732 2529 1821 2577 qaod
1831 2540 1900 2576 per
