2163 3020
469 270 777 299 OBSERVATIONES
803 270 978 300 CRITICAE
1000 272 1054 300 AD
1077 272 1114 302 M.
1137 271 1265 301 TULLII
1289 272 1486 303 CICELONJS
1509 274 1723 305 EPISTOLAS.
1888 268 1932 302 19

267 370 520 415 apparuerunt,
548 368 602 403 vel
629 369 754 404 etiam:
782 390 829 394 —
856 371 886 404 et
908 368 1014 416 plane
1039 369 1156 404 studia
1183 372 1212 404 ei
1238 381 1356 405 sensns
1376 372 1539 418 partium
1565 376 1817 420 appstrnerzmt.
1847 373 1932 409 Sen-

267 437 326 460 sus
365 425 455 473 plur.
496 438 591 461 num.
620 426 688 461 dici
714 439 765 473 ea,
792 439 880 474 quac
908 427 1068 462 homines
1095 428 1263 474 sentiunt,
1302 427 1426 463 docent
1453 441 1542 476 quae
1568 430 1734 477 leguntur
1760 432 1802 467 de
1830 432 1929 468 Orat.

267 484 298 520 I.
328 484 387 519 83.
416 484 486 519 III.
517 485 600 520 223.

317 542 423 578 VIII.
454 545 510 589 15,
540 545 572 579 2.
620 543 747 578 Vellem
773 544 926 591 equidem
959 544 1090 579 Venere
1096 547 1293 592 proqnatus
1309 548 1442 580 tantnm
1456 547 1569 581 animi
1581 547 1753 583 habuisset
1770 549 1805 583 in
1820 552 1928 584 vestro

264 601 430 647 Domitio,
471 605 637 649 qnantum
656 602 803 650 Psecade
829 606 930 638 natus
959 604 994 638 in
1020 603 1081 638 boc
1106 603 1236 639 habuit.
1275 604 1415 639 Caelius
1442 605 1560 640 oderat
1587 606 1626 641 L.
1656 606 1860 653 Domitium,
1888 610 1928 642 ut

266 659 394 694 fatetur
422 660 457 695 in
485 672 536 707 ep.
574 661 628 707 12,
660 662 690 696 1.
734 662 789 706 14,
823 664 852 696 1.
905 661 1030 709 Itaque
1056 674 1164 708 quum
1192 666 1368 697 narrasset
1394 663 1503 697 alium
1531 664 1705 710 quendam
1731 664 1925 700 Domitium

266 722 430 753 necatum
457 730 530 753 esse
557 731 577 753 a
605 719 754 765 quodam
782 719 918 766 liberto,
946 724 1044 767 optat
1071 724 1110 756 ut
1137 721 1265 756 Caesar
1291 725 1362 756 tam
1389 721 1487 756 fortis
1502 722 1626 757 fuisset
1640 722 1676 756 in
1696 723 1922 770 opprimendo

266 776 327 812 illo
354 777 518 812 Domitio.
546 778 611 812 Sed
639 778 776 825 scripsit
802 779 877 814 sine
903 779 1008 814 dubio
1034 780 1072 814 in
1099 783 1213 814 nostro
1240 779 1405 815 Domitio.
1429 802 1475 805 —
1500 781 1608 816 Recte
1634 785 1751 817 autem
1778 781 1925 817 editores

266 846 336 869 non
364 835 647 882 obtemperarunt
674 835 711 871 C.
741 836 779 871 F.
809 836 1025 883 Hermanno,
1054 838 1114 884 qui
1140 850 1210 872 non
1236 838 1413 873 Bellienus
1442 851 1545 873 cerna
1572 839 1753 886 Demetrii,
1772 840 1829 875 sed
1844 840 1925 875 Bel·

265 892 350 927 lieni
377 905 480 927 rerna
506 893 703 929 Demetrius
730 894 833 941 paulo
859 899 941 929 ante
973 894 1159 941 legendum
1186 907 1259 930 esse
1286 896 1489 942 coniecerat,
1515 909 1599 932 usus
1626 897 1689 932 hoc
1717 901 1923 944 argumento

265 951 317 986 nil
344 963 442 986 servo
468 964 546 986 cum
575 952 715 987 nomine
742 964 897 999 romano,
935 953 1024 1000 quod
1054 954 1145 989 inter
1173 955 1314 989 Anniae
1340 956 1453 1001 gentis
1481 957 1687 1001 cognomina
1715 957 1842 1003 passim
1870 957 1924 991 in-

264 1010 437 1045 veniatur.
464 1010 545 1045 Vid.
575 1011 596 1046 l.
626 1011 648 1046 l.
678 1024 710 1058 p.
741 1013 796 1047 15.
825 1012 906 1047 Non
933 1012 1100 1058 cogitavit
1127 1013 1188 1047 illo
1216 1018 1368 1060 tempore
1395 1014 1505 1048 muita
1521 1015 1729 1060 cognomina
1742 1015 1846 1062 plane
1860 1027 1922 1062 pro

264 1068 466 1103 nominibus
493 1080 566 1103 esse
595 1073 759 1116 usurpata
786 1073 820 1104 et
846 1070 981 1105 libertis
1001 1070 1092 1116 (lata,
1126 1074 1164 1105 ut
1179 1070 1387 1118 Caepionem
1402 1075 1435 1106 et
1450 1072 1606 1107 Ycrrem.
1623 1072 1664 1108 cf.
1693 1072 1759 1108 Th.
1775 1073 1922 1108 Momm-

264 1138 336 1172 sen,
364 1131 449 1162 rom.
477 1127 618 1162 Forsch.
649 1128 678 1163 I.
707 1140 738 1174 p.
769 1130 826 1162 51.
855 1128 953 1163 Idem
980 1129 1017 1163 in
1044 1129 1213 1164 Bellienis
1239 1129 1406 1164 accidisse
1433 1129 1515 1164 hinc
1542 1130 1718 1165 discimus.
1748 1131 1815 1165 Per
1841 1143 1922 1166 con—

263 1187 435 1232 temptum
459 1185 548 1220 idem
577 1185 722 1220 fortasse
749 1186 958 1232 Demetrius,
985 1199 1086 1233 quem
1114 1187 1234 1222 Cicero
1262 1198 1331 1221 non
1358 1187 1508 1222 libenter
1535 1187 1685 1235 videbat,
1701 1188 1799 1224 Fam.
1814 1188 1919 1224 XVI.

266 1243 308 1277 17
337 1247 371 1278 et
401 1244 455 1288 19,
484 1248 627 1278 vocatur
653 1243 737 1278 ibid.
769 1245 826 1289 22,
856 1247 887 1279 2.
916 1256 1006 1279 necne
1026 1244 1134 1292 plane
1157 1245 1345 1280 Bellienus.

313 1300 420 1335 VIII.
452 1301 508 1346 17,
539 1302 570 1335 2.
624 1300 750 1336 Nostri
785 1301 882 1336 valde
919 1301 1117 1349 depuynare
1155 1305 1184 1336 et
1222 1302 1327 1348 facile
1352 1302 1466 1349 αῖ96ν6
1490 1306 1519 1338 et
1546 1304 1679 1338 esurire
1704 1307 1918 1339 consuerunt.

262 1356 419 1392 Verbum
458 1358 656 1405 clepuynare
694 1359 767 1394 sive
802 1359 895 1394 valet
922 1359 1012 1395 idem
1040 1360 1130 1406 quod
1156 1361 1291 1406 acriter,
1320 1360 1434 1396 valide
1461 1373 1627 1408 pugnare,
1655 1365 1695 1396 ut
1721 1362 1754 1396 11.
1783 1362 1819 1408 1.,
1847 1362 1921 1397 sive

261 1420 314 1451 est
340 1416 389 1450 ita
414 1429 581 1463 pugnare,
608 1420 647 1451 ut
674 1417 772 1452 nulla
801 1430 920 1464 pugna
945 1419 1105 1465 supersit,
1134 1431 1204 1453 non
1231 1419 1385 1453 admittit
1411 1419 1488 1454 πᾶν.
1520 1420 1625 1455 valde.
1641 1420 1681 1454 de
1703 1420 1793 1455 male
1812 1421 1920 1466 gemi-

261 1478 383 1509 natum
411 1478 472 1521 est,
501 1475 790 1521 scribendumque
818 1476 914 1511 valde
932 1488 1105 1523 pnynare.

311 1532 378 1567 IX.
410 1533 442 1578 6,
472 1534 504 1568 3.
560 1532 602 1568 Si
644 1537 750 1568 essent
788 1535 899 1569 nostri
929 1536 1046 1582 potiti.
1074 1535 1169 1570 Male
1195 1535 1316 1582 Kleyn
1342 1536 1380 1570 in
1406 1535 1507 1571 Obss.
1536 1537 1611 1573 crit.
1641 1549 1672 1584 p.
1702 1538 1746 1571 36
1775 1538 1918 1583 negavit

261 1590 463 1626 Ciceronem
490 1602 616 1638 ponere
643 1604 676 1627 v.
697 1592 813 1639 potiri
838 1593 996 1629 absolute
1022 1597 1056 1628 et
1081 1593 1163 1628 addi
1188 1594 1290 1629 iussit
1317 1605 1444 1629 rermn.
1499 1594 1614 1637 Quum
1640 1595 1822 1642 praecedat
1851 1596 1915 1630 ric-

260 1650 371 1684 toriae
395 1650 536 1696 mentio,
573 1650 698 1686 leniori
723 1651 873 1686 remedio
901 1652 1006 1687 scribi
1032 1652 1143 1700 possi:
1171 1653 1203 1688 si
1229 1664 1267 1688 ca
1293 1655 1398 1688 esseni
1425 1654 1536 1687 nostri
1551 1654 1668 1701 potiti.
1720 1653 1786 1688 Sed
1813 1666 1915 1690 usum

258 1708 356 1742 verbi
382 1707 582 1743 absolutum
609 1709 823 1744 demonstrat
849 1709 945 1745 locus
972 1722 1016 1745 ex
1042 1711 1141 1758 epist.
1169 1710 1212 1745 ad
1238 1711 1313 1746 Att.
1342 1710 1428 1746 VII.
1459 1711 1515 1758 12,
1544 1713 1564 1746 3
1595 1712 1638 1747 iis
1666 1724 1715 1746 me
1742 1711 1826 1758 dem,
1855 1713 1915 1760 qni

258 1768 377 1812 tenent,
405 1767 464 1813 qui
482 1767 678 1813 potiuntur,
707 1779 810 1814 quem
836 1768 1054 1803 Forcellinus
1081 1768 1118 1802 in
1144 1779 1226 1803 voce
1251 1768 1420 1804 laudavit.

308 1824 376 1859 IX.
406 1825 438 1870 6,
467 1826 498 1859 6.
551 1824 620 1860 Sed
651 1825 736 1872 plus
774 1825 878 1872 facio,
918 1838 1020 1873 quemn
1062 1826 1233 1862 Caninius
1276 1827 1478 1872 ›nanrlcwit;
1508 1828 1536 1862 is
1559 1827 1660 1872 enirn,
1688 1828 1720 1861 si
1746 1827 1829 1874 quid
1855 1839 1914 1874 690

257 1882 390 1928 scirem,
432 1885 586 1929 royarcti,
626 1883 715 1930 qnod
750 1886 785 1918 ln
826 1884 982 1931 nescires,
1018 1897 1076 1932 690
1102 1885 1166 1919 tibi
1191 1897 1229 1919 ea
1256 1897 1374 1931 narro,
1401 1897 1485 1932 qnae
1510 1888 1544 1919 tu
1573 1885 1693 1919 melius
1717 1885 1785 1919 scis
1811 1896 1913 1932 quam

258 1942 340 1989 ipse,
380 1942 440 1989 qui
478 1953 596 1977 nat-rc.
642 1942 747 1978 Initio
775 1943 941 1990 epistolae
967 1945 1109 1991 ponitur
1135 1944 1169 1979 id
1196 1945 1287 1991 quod
1314 1944 1484 1980 Caninius
1512 1944 1709 1979 mandarat:
1741 1944 1914 1980 Caninius

256 2002 370 2034 noster
408 2011 459 2034 me
484 2001 555 2035 iuis
584 2000 694 2035 verbis
720 2001 910 2048 admonuit,
939 2005 976 2037 ui
1004 2002 1187 2037 scriberem
1214 2003 1260 2037 acl
1287 2006 1327 2049 te,
1355 2004 1387 2037 si
1413 2003 1496 2050 qnid
1522 2006 1613 2048 esset,
1643 2003 1730 2050 qnod
1749 2006 1914 2050 putarem

256 2061 286 2093 ie
313 2058 402 2093 scire
428 2061 590 2105 oportere.
631 2058 712 2094 Solo
747 2060 852 2094 verbo
879 2063 1022 2107 royarat
1048 2073 1118 2096 non
1156 2061 1331 2096 indicatur
1352 2073 1373 2096 a
1400 2061 1549 2096 Caninio
1577 2060 1776 2096 Ciceronem
1805 2061 1911 2096 fuisse

254 2119 425 2161 rogatum,
453 2119 492 2150 ut
518 2116 692 2152 scriberet.
721 2116 873 2152 Orellius
901 2118 1066 2153 mendum
1093 2119 1213 2153 tollere
1239 2122 1384 2153 conatus
1412 2122 1463 2154 est
1478 2118 1678 2153 scribendo:
1708 2118 1911 2163 mandarit,-

254 2177 291 2208 ui
315 2174 497 2209 scriberem
524 2175 615 2209 enim
643 2176 682 2221 is,
710 2176 742 2210 si
768 2176 852 2223 quid
878 2188 935 2223 690
949 2178 1082 2224 scirem,
1101 2181 1267 2225 royarat,·
1289 2177 1484 2213 Krausius:
1500 2177 1688 2212 mandarit.
1717 2176 1910 2211 Scriberem

254 2232 345 2267 enim
371 2253 419 2257 -
446 2235 600 2279 roqaraz‘,
628 2244 696 2279 quo
721 2233 822 2268 modo
849 2234 969 2270 Cicero
996 2247 1179 2282 nunquam
1205 2235 1343 2270 locutus
1370 2240 1431 2271 est.
1459 2236 1534 2281 Ego
1549 2235 1696 2281 iungens
1713 2246 1800 2281 quae
1815 2238 1910 2270 arcte

253 2289 430 2335 iungenda
455 2294 537 2324 sunt
563 2294 597 2325 et
624 2291 728 2325 verbo
754 2295 898 2338 royarat
925 2294 1135 2341 transposito
1169 2293 1391 2329 scribendum
1417 2305 1491 2328 esse
1517 2304 1662 2327 censeo:
1693 2291 1722 2326 is
1748 2293 1849 2337 enim,
1877 2292 1910 2327 si

253 2347 336 2395 quid
361 2359 418 2395 690
443 2349 577 2395 scirem,
604 2349 693 2396 qnod
718 2352 755 2384 iu
781 2351 938 2398 nescires,
967 2355 1018 2395 (ut
1043 2352 1239 2395 scriberem)
1266 2354 1421 2399 roqarat,
1448 2354 1510 2386 cet.

302 2406 370 2442 IX.
399 2407 431 2453 7,
461 2408 492 2442 1.
543 2407 640 2441 Nam
666 2407 754 2455 qnod
779 2412 879 2444 antea
905 2410 1136 2445 calinnniatns
1160 2422 1247 2457 sum,
1274 2413 1338 2445 cet.
1379 2409 1498 2445 Cicero
1512 2409 1596 2443 haec
1611 2408 1764 2443 scribens
1778 2408 1908 2454 cogita-

253 2464 312 2500 bat
338 2476 388 2510 ea,
417 2476 505 2511 quae
531 2468 613 2500 ante
639 2465 707 2500 duo
733 2465 803 2501 fere
829 2479 964 2503 menses
991 2469 1176 2516 scripserat
1201 2468 1246 2503 ad
1258 2467 1454 2502 Varronem
1479 2478 1532 2514 ep.
1562 2468 1582 2501 2
1606 2465 1696 2507 h.1.‚
1721 2465 1783 2500 ubi
1796 2466 1908 2501 utitur

250 2523 369 2558 eodem
409 2523 515 2558 verbo
550 2523 799 2572 calumniandi,
827 2526 916 2572 quod
944 2526 1050 2561 habet
1075 2526 1147 2561 vim
1176 2526 1297 2561 utendi
1324 2525 1487 2573 speciosis
1514 2524 1708 2560 rationibus
1735 2527 1770 2559 et
1796 2524 1908 2572 suspi-

1700 2582 1767 2614 10*
