2163 3020
428 289 739 319 OBSERVATIONES
762 289 937 318 CRITICAE
960 289 1011 317 AD
1034 289 1072 317 M.
1094 287 1224 316 TULLII
1247 286 1446 316 CICERONIS
1469 285 1683 314 EPISTOLAS.
1837 272 1883 307 55

226 399 353 423 manus
391 388 554 435 venisset,
593 392 655 424 aut
681 388 779 424 nulla
806 388 837 423 ei
863 390 983 435 postea
1009 387 1118 434 copia,
1146 390 1208 421 aut
1234 385 1395 421 deteriori
1423 384 1623 419 conditione
1649 385 1749 418 esset.
1789 381 1885 416 Dum

228 446 464 493 circumspicit
490 459 570 494 opes
608 447 809 492 amicorum,
849 446 913 481 etsi
941 445 1093 480 maxime
1119 444 1273 479 deditum
1300 443 1443 478 haberet
1471 442 1642 487 Atticum,
1670 452 1741 475 non
1767 442 1886 474 tamen

229 504 271 540 de
297 504 359 540 illo
385 505 565 552 cogitasse,
593 518 695 552 quem
721 506 824 540 sciret
850 517 920 539 non
947 516 1021 539 esse
1047 503 1311 551 praediatorem,
1331 506 1365 537 et
1379 501 1563 536 abhorrere
1581 499 1745 535 atalibus
1763 496 1889 545 empti-

229 563 374 598 onibus:
403 564 530 611 quippe
558 564 741 611 pecuniam
768 575 867 598 suam
893 562 997 597 malle
1025 573 1192 609 occupare
1220 561 1257 595 in
1284 572 1323 595 eo
1342 560 1492 606 negotio,
1509 559 1545 593 in
1560 569 1628 604 quo
1642 556 1760 604 quaeri
1778 555 1888 590 soleat

230 624 328 668 quoto
350 633 442 656 anno
467 622 522 657 vel
550 622 604 657 die
631 626 832 669 recepturus
859 633 934 656 eam
961 620 1109 656 creditor
1143 623 1242 665 esset,
1271 622 1304 654 et
1330 621 1495 666 quantum
1524 618 1557 651 ln
1583 616 1653 651 solo
1678 616 1820 650 haberet
1846 613 1888 659 is,

231 680 287 715 cui
313 680 507 715 collocaret.
535 680 627 715 Nam
654 680 775 715 solitos
802 683 945 725 veteres,
975 690 1054 713 011111
1080 678 1118 713 111
1145 677 1314 712 creditum
1341 677 1442 722 irent,
1469 676 1679 710 constituere
1693 673 1783 708 diem
1797 671 1890 706 solu·

231 738 348 785 tionis,
377 750 447 773 non
474 742 613 773 tantum
639 742 776 773 constat
801 750 845 773 ex
871 738 971 772 libris
998 737 1094 783 iuris,
1123 736 1181 771 sed
1208 748 1250 771 ex
1277 736 1352 783 ipso
1379 735 1483 770 etiam
1498 733 1674 778 Cicerone,
1690 743 1795 778 quum
1811 729 1890 764 aliis

231 795 327 842 locis,
368 799 443 830 tum
482 796 542 831 lib.
579 796 655 831 VH
690 796 789 832 Fam.
831 797 888 831 23.
929 797 1048 842 Atque
1086 795 1151 829 hoc
1190 794 1281 841 quod
1321 797 1411 828 esset
1450 792 1563 828 Attici
1590 791 1627 826 in
1654 790 1801 838 pecnnia
1827 799 1890 823 sua

231 854 424 889 exercenda
461 854 675 900 institutum,
714 858 820 900 negat
858 853 978 889 Cicero
1016 853 1117 888 illum
1157 852 1224 887 sibi
1258 853 1296 887 in
1337 856 1453 886 mente
1488 853 1664 885 versatum
1704 849 1795 883 iuter
1821 858 1890 893 eos,

231 924 379 959 quorum
406 912 511 947 alicui
539 912 629 947 hanc
656 913 842 948 emtionem
868 912 1077 957 iniungeret.
1128 911 1233 946 Nunc
1259 915 1387 955 autem,
1417 909 1497 956 quia
1526 908 1664 943 videtur
1690 908 1763 954 ipse
1790 917 1891 940 suum

232 971 383 1006 officium
411 970 590 1016 obtulisse,
618 975 737 1006 narrat
764 971 846 1017 quid
874 971 966 1005 inter
993 982 1027 1004 se
1054 974 1088 1004 et
1115 969 1306 1004 Phameam
1333 969 1437 1003 fuerit
1451 972 1598 1014 gestum,
1615 972 1649 1001 et
1663 967 1732 1001 iam
1752 965 1890 1012 quidem

232 1041 305 1064 non
331 1029 398 1064 sibi
425 1041 498 1064 esse
525 1029 626 1075 tanti,
667 1029 731 1064 etsi
758 1029 886 1063 habere
912 1029 998 1063 velit
1024 1033 1141 1063 tamen
1168 1028 1300 1062 salubri
1326 1027 1447 1075 pretiO,
1477 1037 1539 1060 nec
1567 1029 1701 1060 recuset
1726 1022 1893 1058 humani-

232 1093 340 1124 tatem
378 1089 502 1124 Attici.
543 1089 639 1132 Quae
678 1088 746 1123 huc
787 1088 974 1135 pertinent,
1007 1091 1046 1122 ut
1073 1087 1243 1121 coniicere
1269 1089 1385 1133 posset
1412 1085 1566 1129 Atticus,
1594 1095 1662 1129 qua
1690 1081 1888 1117 conditione

233 1147 339 1182 emtio
365 1146 525 1182 Ciceroni
551 1147 736 1194 placeret.''

283 1206 351 1241 IX.
394 1207 425 1251 9,
465 1207 497 1240 4.
543 1205 577 1240 V
577 1205 649 1240 olm‘
686 1204 757 1240 HS
784 1204 822 1249 Q.
862 1205 967 1240 Hanc
1002 1208 1121 1239 notam
1158 1203 1375 1238 numeralem
1400 1202 1437 1237 in
1464 1202 1577 1236 tribus
1604 1199 1892 1247 inscriptionibus

234 1263 497 1299 Veronensibus
537 1263 785 1298 animadvertit
823 1263 1073 1308 Mommsenus,
1110 1274 1254 1308 eamque
1280 1261 1471 1308 explicavit
1497 1261 1535 1295 in
1562 1259 1712 1294 Hermae
1739 1258 1806 1293 vol.
1835 1257 1895 1292 III

236 1323 308 1357 467
337 1334 387 1368 sq.
415 1325 449 1356 et
474 1321 522 1356 X.
561 1322 644 1367 472,
677 1321 738 1356 ubi
765 1321 929 1355 laudatur
955 1321 1158 1355 Priscianus
1185 1320 1227 1355 de
1253 1320 1311 1366 fig.
1338 1331 1433 1354 num.
1461 1331 1494 1366 p.
1521 1318 1591 1353 407
1620 1317 1671 1352 ed.
1700 1316 1806 1363 Keil„
1834 1315 1894 1350 ubi

236 1392 280 1416 ex
306 1380 447 1427 optimis
473 1379 574 1414 libris
601 1380 711 1414 scrib:
745 1380 949 1427 „q2t2'2zyfflztcz
977 1379 1152 1426 mz'le'aper
1166 1379 1195 1426 ρ’
1212 1378 1301 1426 quod
1319 1381 1365 1413 est
1380 1378 1521 1412 *initium
1537 1377 1686 1411 nominis
1701 1378 1730 1409 et
1743 1377 1896 1422 apostro-

228 1438 362 1486 phon.'’
390 1438 487 1481 Quae
514 1442 708 1485 sequuntur
733 1442 895 1485 corrupta
923 1449 997 1473 esse
1023 1438 1142 1472 monui
1170 1441 1203 1472 et
1230 1437 1431 1472 dubitanter
1457 1435 1702 1470 correctionem
1718 1433 1892 1481 proposui.

237 1497 303 1532 Sed
330 1497 433 1543 longe
458 1509 554 1532 meae
581 1497 736 1544 praefero
763 1496 1006 1543 Wesenbergii
1034 1496 1124 1531 hanc
1151 1497 1404 1531 coniecturam:
1438 1494 1530 1541 „eq
1550 1506 1616 1541 per
1646 1493 1722 1513 ***
1749 1491 1893 1539 (excidit

237 1566 365 1590 nomen
392 1555 568 1601 alicuius),
588 1555 777 1602 praedium
804 1558 841 1588 ut
870 1555 925 1589 ille
954 1554 1106 1589 venderet
1132 1555 1193 1601 (sc.
1221 1553 1422 1600 quingentis
1447 1551 1641 1595 milibus).''

286 1613 355 1648 IX.
386 1614 442 1659 10,
469 1614 502 1649 4.
548 1613 583 1648 V
583 1613 715 1648 clamen
742 1613 966 1661 epistolarum
992 1617 1145 1648 tuarum.
1173 1613 1281 1648 Recte
1307 1612 1428 1646 doctus
1455 1610 1580 1646 Gallus
1607 1609 1650 1645 G.
1677 1609 1830 1644 Boissier
1855 1608 1893 1643 in

236 1672 325 1719 disq.
353 1672 395 1707 de
421 1672 556 1708 ratione
582 1685 650 1719 qua
677 1673 749 1708 Cic.
777 1672 944 1720 epistolae
970 1672 1134 1707 collectae
1161 1675 1195 1706 et
1222 1671 1333 1706 editae
1361 1674 1443 1705 sunt
1469 1682 1502 1717 p.
1525 1671 1570 1704 ‘26
1598 1668 1735 1703 monuit
1761 1671 1894 1702 veteres

235 1730 413 1778 epistolas,
442 1743 528 1777 quas
555 1743 692 1766 servare
719 1731 884 1766 volebant
910 1731 1083 1777 redegisse
1109 1731 1147 1766 in
1173 1730 1364 1776 volumina,
1379 1729 1458 1764 coll.
1474 1727 1635 1764 Cornelio
1648 1727 1694 1763 N.
1710 1727 1747 1761 in
1760 1726 1892 1773 Attico,

241 1789 298 1834 16,
325 1789 386 1823 ubi
412 1788 602 1824 laudantur
627 1789 685 1824 XI
713 1789 782 1833 (vel
803 1789 911 1835 XVI)
942 1790 1114 1824 rolmnimz
1140 1788 1375 1836 epistolarum,
1403 1798 1490 1834 quas
1517 1786 1637 1821 Cicero
1663 1798 1683 1820 a
1710 1785 1895 1820 consulatu

238 1858 349 1892 usque
375 1846 418 1881 ad
445 1851 639 1882 extremum
667 1850 802 1894 tempus
829 1847 872 1882 ad
910 1847 1069 1882 Atticum
1101 1847 1253 1892 miserat,
1282 1849 1316 1881 et
1341 1846 1439 1880 Fam.
1467 1844 1571 1879 XVI.
1602 1845 1658 1890 17,
1685 1844 1747 1878 ubi
1772 1843 1895 1878 Tironi

239 1905 376 1940 scribit:
423 1905 531 1940 Video
571 1906 655 1952 quid
691 1917 797 1952 Hyas:
836 1908 914 1940 tuas
953 1917 1080 1952 quoque
1107 1905 1268 1952 epistolas
1297 1905 1347 1938 ris
1375 1902 1505 1949 referri
1533 1903 1566 1936 in
1594 1902 1779 1952 volumina,
1807 1913 1896 1948 quae

238 1962 344 2008 vulgo
371 1962 461 1997 male
488 1963 529 1997 de
556 1963 707 1998 editione
733 1963 959 2010 epistolarum
986 1963 1126 1998 Tironis
1154 1963 1383 2010 accipiuntur.
1412 1960 1533 1996 Addas
1558 1960 1641 1995 11001
1666 1960 1709 1994 ad
1737 1960 1778 2003 Q.
1806 1959 1847 1995 fr.
1863 1959 1893 1995 I.

238 2022 272 2066 2,
303 2021 323 2055 8
351 2033 390 2055 ex
415 2033 451 2056 eo
478 2033 546 2056 esse
572 2022 747 2056 volumina
773 2021 972 2056 selectarum
1000 2022 1234 2069 epistolarum.

289 2079 357 2114 IX.
398 2080 454 2126 18,
496 2081 528 2115 2.
571 2080 666 2124 Quae
705 2102 751 2105 —
791 2085 934 2123 νίκυια,
963 2081 998 2115 in
1025 2092 1092 2128 qna
1118 2083 1193 2115 erat
1218 2080 1242 2125 ἦ·
1269 2090 1326 2114 ero
1351 2078 1480 2113 sceleri.
1507 2077 1600 2112 Vide
1626 2088 1714 2123 quae
1740 2075 1783 2110 ad
1809 2075 1844 2110 h.
1871 2075 1909 2110 l.-

239 2137 417 2173 adnotavi.
454 2138 579 2173 Plures
618 2138 742 2174 deinde
768 2140 884 2174 verbis
911 2139 1100 2186 desperatis
1127 2137 1257 2173 mederi
1284 2136 1400 2171 conati
1428 2138 1521 2182 sunt,
1548 2135 1646 2170 velut
1673 2134 1896 2169 Meutznerus

240 2196 407 2231 coniecit:
436 2209 521 2244 quae
547 2209 625 2231 sero
650 2197 801 2232 scelera!
826 2197 1059 2245 Kappeynius
1087 2209 1171 2244 quae
1197 2199 1332 2230 caterva
1359 2195 1542 2230 scelerum!
1568 2193 1732 2228 Klotzius
1752 2204 1896 2239 qnae—

241 2259 385 2301 νέκυια,
422 2255 459 2289 ¹in
486 2267 553 2302 qua
579 2257 673 2290 erat!
698 2267 716 2290 0
741 2255 890 2290 scelera!
929 2255 1107 2298 Quomodo
1135 2255 1228 2290 Eros
1257 2253 1386 2289 Celeris
1412 2251 1663 2297 Wesenberg-io
1688 2251 1736 2285 ita
1763 2249 1899 2297 placere

241 2313 404 2361 potuerit,
433 2316 473 2348 ut
498 2314 573 2348 sine
599 2314 744 2349 mendae
769 2314 966 2361 suspicione
993 2314 1023 2348 ei
1050 2313 1165 2349 locum
1192 2314 1299 2359 daret,
1327 2324 1398 2347 non
1424 2311 1595 2357 intelligo.
1635 2309 1782 2352 Quidvis
1807 2308 1899 2343 malo

243 2384 347 2419 quam
375 2372 481 2407 istum
509 2371 684 2407 hominem
713 2372 884 2418 ignotum.

291 2429 339 2465 X.
383 2430 439 2476 10,
482 2431 514 2465 3.
555 2429 688 2476 Operae
726 2431 876 2477 pretium
912 2430 1067 2465 facturus
1094 2442 1167 2465 esse
1194 2429 1323 2474 videor,
1353 2428 1381 2463 si
1408 2428 1513 2463 verba
1539 2427 1663 2462 misere
1690 2427 1852 2471 corrupta
1877 2434 1899 2457 a

242 2487 409 2535 temptabo
448 2488 490 2522 ad
531 2487 677 2535 diynum
716 2487 813 2523 nohis
850 2488 908 2523 hic
946 2488 1168 2535 descripsero,
1209 2486 1500 2533 quemadmodum
1539 2497 1557 2520 e
1597 2481 1839 2527 Wesenberg-ii
1867 2483 1902 2515 et

241 2545 366 2581 Cobeti
392 2546 601 2581 coniecturis
628 2546 809 2581 scribenda
837 2546 918 2581 sint.
946 2546 1052 2581 Vidd.
1080 2545 1176 2580 illius
1202 2545 1348 2580 Emend.
1377 2544 1438 2579 alt.
1466 2556 1499 2591 p.
1531 2544 1612 2589 121,
1639 2541 1744 2576 huius
1771 2540 1902 2574 Variae
