2163 3020
249 213 294 247 10
439 221 752 250 onsum‘Arioxus
773 221 951 250 onmem
974 221 1025 250 AD
1049 222 1086 251 n.
1109 220 1238 249 TULLn
1262 220 1463 249 (JlCERONlS
1485 220 1701 250 EPISTOLAS.

297 320 341 355 V.
373 322 405 366 6,
436 322 466 355 1.
520 319 601 355 Nou
641 321 728 355 satis
767 320 901 355 credidi
939 320 1072 355 homiui
1092 319 1264 367 prudenti
1290 323 1361 354 tam
1387 319 1487 355 *valde
1513 332 1581 355 esse
1606 323 1775 355 mutatam
1802 320 1921 355 voluu-

246 382 346 414 tatcm
386 382 491 414 tuam.
545 378 732 413 Assentior
771 379 814 414 iis
853 378 913 426 qui
953 379 989 414 in
1019 378 1190 427 prudenti
1216 378 1440 426 participium
1469 378 1576 414 latore
1602 382 1740 427 putant,
1769 378 1827 414 scd
1855 391 1919 414 nec

247 437 369 474 Orellii
404 437 640 485 praedicanti,
681 450 743 473 nec
783 438 983 486 Pluygcrsii
1021 437 1226 486 perhibenti,
1264 437 1354 485 quod
1383 437 1504 473 Cicero
1531 450 1713 485 nunquam
1742 438 1792 473 sic
1819 450 1920 473 usur—

246 496 356 545 pavit,
385 500 424 531 ut
451 497 589 532 monuit
615 497 818 543 Madvigius
845 497 909 545 Op.
938 497 1049 533 Acad.
1078 509 1111 544 p.
1141 497 1224 543 200,
1259 496 1378 544 probo.
1433 496 1572 532 Scribe:
1606 496 1781 544 prodenti.
1820 495 1920 539 Quod

248 556 406 603 sequitur
445 556 482 591 in
519 560 608 591 extr.
636 556 682 602 ξ’.
712 556 928 592 obtinebatur
954 556 1136 592 verissime
1162 569 1181 591 a
1210 555 1419 604 Pluygcrsio
1445 556 1483 591 in
1514 555 1719 591 obtinebitur
1746 559 1920 591 mutat-um

246 619 310 651 cst.
339 615 409 650 vid.
437 615 610 651 Mnemos.
638 615 707 650 vol.
734 615 803 662 XI,
832 629 865 664 p.
887 616 970 651 290.

300 673 346 709 V.
378 675 422 709 10
437 686 483 720 a.,
514 675 545 709 1.
600 673 680 709 Nou
710 674 884 715 ‹lesa-tam,
913 675 997 721 ‹Juiu
1029 673 1125 709 illum
1154 673 1343 720 aliquando
1370 684 1502 709 eruam.
1541 673 1593 708 Ut
1624 672 1745 708 Cicero
1771 672 1815 708 ad
1845 673 1919 708 Att.

247 733 356 769 XIII.
400 734 457 779 30,
501 735 520 768 3
563 733 722 781 scripsit:
764 734 870 779 Mihi,
911 733 1056 768 sicunde
1089 736 1198 781 potes,
1227 744 1307 767 erue
1333 732 1396 776 (sic
1423 735 1515 768 recte
1541 732 1646 779 Bait.,
1678 732 1785 778 vulgo
1812 743 1920 778 erues,

245 792 339 829 Med.
382 795 524 839 eruere),
565 793 625 840 qui
663 792 772 828 decem
814 793 918 840 ieyati
957 793 1129 828 Mummio
1165 791 1311 838 fuerint,
1339 803 1410 826 non
1437 792 1470 826 si
1496 791 1643 839 quaudo,
1671 791 1722 826 sio
1748 791 1781 826 h.
1799 790 1821 826 l.
1850 803 1921 826 non

248 855 320 887 tam
348 852 525 899 temporis„
551 864 656 898 quam
683 852 751 887 loci
779 853 875 888 notio
902 852 1103 899 requiritur.
1133 851 1258 898 Itaque
1286 851 1388 886 scrib.
1405 851 1486 898 quiu
1505 851 1778 886 iliumalieuude
1791 862 1921 886 eruam.

249 910 301 946 At
327 913 419 945 recte
458 910 495 944 in
533 909 634 957 epist.
663 922 789 958 praec„
831 910 891 946 ubi
919 910 960 945 dc
987 910 1106 945 cadem
1133 922 1169 945 re
1195 909 1324 956 agitur,
1352 912 1386 944 et
1412 909 1479 944 loci
1507 912 1540 944 et
1567 909 1733 957 temporis
1758 909 1924 945 adverbia

247 980 327 1003 cum
368 968 474 1003 verbo
514 968 732 1014 iunguntur:
764 969 859 1003 illum
890 970 1074 1017 reperiam,
1103 969 1175 1004 uisi
1201 969 1234 1003 Si
1260 969 1296 1002 iu
1327 967 1544 1003 Dalmatiam
1571 967 1764 1014 aufuyerit,
1791 970 1820 1002 et
1845 967 1926 1003 inde

248 1031 359 1062 tamen
401 1026 593 1073 aliquando
621 1039 752 1063 eruam.
787 1028 923 1063 Deinde
951 1028 1072 1063 Catilii
1099 1028 1234 1075 piratae
1261 1027 1504 1062 crudelitatem
1535 1026 1700 1062 Vatinius
1727 1026 1783 1062 his
1809 1026 1927 1062 verbis

247 1086 449 1134 depinxisse
489 1089 652 1133 putatur:
707 1087 767 1134 qui
805 1090 850 1121 tot
891 1088 1065 1135 iuyeuuos,
1110 1086 1411 1132 matres-fcmtilias,
1452 1086 1540 1120 ciues
1577 1086 1753 1121 Romanos
1792 1085 1925 1132 oceidit,

248 1145 418 1193 abripuit,
447 1145 670 1192 disperdidit,
704 1146 859 1193 reyioues
886 1146 1049 1181 vastarit.
1102 1145 1144 1181 P.
1172 1145 1355 1180 Victorius
1382 1145 1532 1179 oratorie
1560 1147 1594 1179 et
1620 1145 1827 1190 gravissime
1855 1144 1927 1179 dic-

252 1208 327 1239 tum
356 1203 595 1250 existimabat,
625 1204 716 1251 quod
745 1205 873 1240 scelera
901 1205 938 1240 in
966 1205 1149 1251 ingenuos,
1178 1204 1214 1239 in
1242 1203 1539 1250 matresfamilias,
1568 1203 1605 1238 in
1633 1203 1726 1238 cives
1741 1203 1927 1238 commissa

253 1262 366 1297 tribus
393 1262 510 1297 verbis
537 1266 809 1309 exaggerantur.
863 1263 939 1310 Ego
971 1275 1015 1299 ne
1042 1264 1079 1298 in
1106 1262 1255 1298 Vatinio
1283 1262 1422 1309 quidem
1450 1264 1522 1297 tam
1550 1262 1705 1309 ineptam
1734 1262 1927 1297 orationem

252 1320 431 1356 ferendam
470 1324 567 1368 puto,
608 1325 648 1356 ut
687 1322 841 1368 graviori
881 1322 1004 1357 occidit
1031 1321 1267 1358 subiiciantur
1292 1321 1427 1356 leniora
1453 1320 1612 1369 abripuit
1639 1324 1673 1356 et
1704 1321 1926 1369 disperdidit.

254 1380 311 1416 Ex
346 1381 605 1428 comparatione
641 1393 771 1423 eorum,
816 1394 905 1428 quae
931 1381 968 1417 in
995 1382 1014 1428 ξ
1044 1383 1064 1417 2
1093 1384 1307 1428 sequuntur:
1345 1380 1430 1428 quid
1460 1381 1534 1415 illis
1560 1380 1764 1428 respondere
1783 1392 1928 1428 possum

254 1440 314 1487 qui
341 1439 408 1482 (ob)
435 1451 498 1474 sua
526 1439 612 1475 bona
641 1440 791 1488 direpta,
820 1453 923 1476 nares
950 1443 1174 1489 eapuffliatas,
1191 1440 1335 1487 fratres,
1352 1439 1486 1486 liberos,
1496 1442 1660 1487 parentes
1682 1440 1807 1474 occisos
1824 1440 1928 1474 aetio-

252 1511 311 1534 ues
349 1498 595 1546 empostulaut?
632 1499 695 1535 illa
736 1501 785 1535 sic
821 1500 1040 1536 emendanda
1079 1511 1223 1535 censeo:
1265 1500 1325 1547 qui
1350 1502 1397 1534 tot
1427 1499 1604 1546 iuqenuos,
1629 1498 1926 1546 patresfamilias,

250 1558 339 1592 cire-s·
365 1556 543 1592 Romanos
568 1558 702 1606 oceidit,
732 1558 846 1604 (bona)
875 1559 1039 1607 diripuit,
1068 1570 1171 1594 nai-es
1198 1557 1269 1605 (vel
1294 1557 1440 1593 fortasse
1462 1557 1577 1604 urbes)
1585 1557 1756 1606 perdidit,
1772 1558 1928 1605 reyioues

251 1619 348 1651 Tasta
355 1628 370 1650 r
376 1616 410 1650 it.

303 1673 349 1709 V.
380 1675 436 1709 12.
490 1674 535 1709 In
576 1675 694 1712 adnot.
735 1676 778 1711 ad
818 1677 933 1725 Epist.
973 1677 1018 1712 ad
1043 1677 1121 1712 Att.
1163 1675 1229 1711 IV.
1260 1677 1292 1722 2,
1322 1677 1342 1711 2
1382 1688 1504 1722 unum,
1532 1675 1576 1711 ad
1603 1674 1668 1711 IV.
1699 1675 1731 1722 6,
1761 1676 1782 1710 4
1809 1675 1927 1723 plures

252 1732 346 1768 locos
387 1732 494 1768 huius
532 1734 700 1781 epistolae
738 1735 842 1782 attigi
882 1740 916 1772 et
956 1748 1025 1783 quo
1063 1735 1164 1771 modo
1204 1734 1343 1781 legendi
1375 1737 1491 1770 essent
1516 1734 1649 1769 monui.
1703 1734 1807 1769 Addo
1834 1745 1929 1769 nunc

252 1791 358 1827 verba
399 1792 427 1838 ξ.
471 1794 491 1827 5
533 1794 633 1829 cuius
672 1794 829 1830 studium
869 1796 903 1831 iu
945 1795 1082 1843 leqeudo
1110 1806 1178 1830 uon
1205 1797 1351 1829 ereetum
1385 1792 1606 1829 Themistocli
1639 1793 1727 1840 fuya
1753 1792 1932 1840 redituque

253 1850 442 1898 (Matthiae
472 1852 562 1887 coni.
590 1853 758 1901 avitaque,
787 1866 850 1901 ego
877 1854 1074 1902 reditusque
1099 1865 1158 1901 spe
1184 1853 1330 1899 tenetur)
1344 1853 1512 1887 retinetur
1530 1851 1728 1887 levissimas
1742 1851 1785 1885 ob
1806 1862 1929 1886 causas

253 1921 274 1945 a
313 1909 519 1945 Mcutznero
560 1911 597 1946 in
639 1924 787 1948 censura
828 1913 896 1949 mei
939 1913 1022 1949 libri
1062 1912 1307 1960 interpolatori
1347 1923 1422 1947 esse
1465 1910 1610 1946 tributa.
1663 1909 1929 1957 Epaminondae

251 1968 444 2004 rectissime
471 1969 719 2007 Themistoclis
745 1972 871 2008 ultima
897 1972 971 2008 fata
999 1972 1253 2018 adiunguntur.
1283 1993 1329 1996 —
1361 1970 1406 2006 In
1433 1970 1462 2016 ξ.
1494 1971 1514 2005 2
1555 1981 1617 2004 cur
1655 1968 1929 2015 VVesenbergius

250 2026 422 2063 Phacium
462 2027 585 2063 bellum
630 2042 736 2077 quam
777 2031 968 2067 Phocicum
1005 2031 1156 2067 scribere
1191 2030 1356 2066 maluerit
1395 2029 1522 2064 nescio.
1577 2027 1702 2064 Graeci
1743 2030 1834 2062 certe
1861 2028 1931 2063 τὸν

253 2091 436 2127 Φωκικὸν
461 2092 627 2137 πόλεμον
666 2090 842 2125 vocabant
883 2091 968 2137 (vid.
1009 2090 1135 2126 Strabo
1171 2089 1235 2125 IX.
1264 2101 1298 2137 p.
1329 2089 1401 2123 420
1429 2087 1521 2134 Cas„
1550 2086 1670 2134 steph.
1707 2086 1793 2133 Byz.
1829 2085 1867 2121 in
1894 2097 1928 2120 v.

258 2150 405 2195 Φωκίς)
433 2152 467 2185 et-
493 2162 513 2184 a
541 2149 683 2185 nomine
709 2150 826 2196 gentis
854 2150 982 2185 Phoc-ii
1008 2150 1045 2185 in
1073 2161 1120 2184 or.
1150 2149 1189 2184 in
1215 2148 1288 2184 Pis.
1319 2148 1364 2183 96
1392 2146 1604 2182 adiectivum
1633 2144 1812 2180 derivatur
1833 2143 1931 2179 ‘Pho-

254 2207 357 2242 cicus.
400 2229 447 2233 -
489 2208 533 2243 In
576 2209 606 2255 ξ
635 2210 656 2244 4
683 2208 917 2256 Pluygersius
944 2212 1036 2244 recte
1064 2208 1154 2243 vidit
1180 2207 1273 2242 male
1300 2205 1406 2241 scribi
1433 2205 1483 2240 eei
1509 2205 1548 2240 ‘in
1574 2202 1789 2251 empticaudis
1815 2203 1931 2238 causis

254 2277 371 2301 rerum
399 2279 570 2302 uorarzmi
597 2267 648 2303 vel
677 2268 710 2302 iu
740 2268 902 2303 remediis
932 2267 1223 2302 incommodorum
1251 2269 1286 2302 et
1311 2268 1393 2301 ante
1419 2276 1453 2301 V.
1481 2263 1644 2300 remediis
1662 2262 1932 2309 requirigerun-

253 2324 386 2361 divum.
439 2326 589 2362 Addidit
616 2327 856 2375 expromendis
894 2328 1080 2374 (Mnemos.
1108 2326 1154 2362 N.
1183 2325 1218 2362 S.
1246 2325 1264 2360 I
1292 2337 1324 2373 p.
1356 2325 1438 2371 62);
1466 2323 1606 2359 facilius
1633 2321 1792 2357 excidere
1817 2321 1931 2369 potuit

248 2384 463 2431 promendis.
500 2385 542 2421 cf.
572 2386 650 2421 Att.
680 2386 748 2421 IX.
780 2387 837 2433 18,
867 2387 887 2421 2
909 2385 1104 2434 promenda
1132 2384 1196 2420 tibi
1222 2386 1302 2419 sunt
1329 2382 1483 2418 consilia.

304 2442 350 2479 V.
382 2445 438 2490 13,
469 2445 501 2480 3.
550 2444 660 2480 Casus
683 2445 894 2493 yladiatorii
920 2457 992 2481 non
1019 2448 1111 2480 recte
1138 2444 1255 2480 vocari
1283 2455 1323 2479 ea
1351 2454 1440 2490 quae
1467 2440 1605 2488 saepius
1632 2438 1837 2474 accidebant
1858 2438 1933 2485 gla-

252 2501 458 2549 diatoribus,
499 2506 538 2538 ut
577 2503 637 2550 qui
678 2503 763 2538 victi
792 2503 1004 2539 videbantur
1030 2504 1292 2552 prosternerent
1320 2499 1549 2545 adversarios,
1577 2496 1667 2533 vidit
1692 2495 1826 2532 Bakius
1853 2499 1887 2531 et
1913 2509 1932 2532 e
