2163 3020
458 278 770 308 OBSERVATIONES
793 278 967 308 CRITICAE
991 282 1041 309 AD
1065 283 1101 311 M.
1126 283 1254 312 TULLII
1276 284 1476 315 CICERONIS
1500 288 1714 321 EPISTOLAs.
1875 286 1924 321 37

251 379 317 411 cet.
346 375 465 421 Longe
491 375 616 411 melius
643 375 726 411 haec
753 377 955 424 procedunt,
985 378 1014 412 si
1042 378 1085 413 ob
1113 379 1309 416 litterarum
1337 383 1604 421 similitudinem
1620 389 1763 424 verbum
1780 391 1926 428 alibra-

253 433 314 468 riis
340 433 505 468 omissum
534 434 731 480 statuimus,
761 434 878 481 itaque
912 436 1117 472 scribimus:
1149 437 1222 482 Quo
1251 440 1394 474 consilio
1421 443 1542 478 nescio.
1583 444 1684 481 Tunc
1711 459 1926 495 quamquam

255 490 407 538 Oppium
433 503 490 538 eqo
516 493 610 526 tenui
636 496 698 528 cet.
728 492 858 528 dictum
887 498 938 529 est
965 494 1030 530 hac
1058 497 1252 532 sententia:
1282 498 1339 532 sed
1369 498 1472 546 Oppii
1502 501 1537 535 in
1565 502 1630 537 hac
1648 516 1683 539 re
1698 505 1796 540 nulla
1816 507 1921 555 culpa

250 552 322 595 est3
362 550 435 597 ipse
473 562 552 585 eum
592 551 700 598 tenui,
739 552 905 599 impedivi
945 554 1132 600 quominus
1172 555 1347 602 perferret,
1389 558 1479 603 quod
1520 560 1679 597 Vibullio
1722 576 1741 598 a
1769 564 1916 602 Caesare

252 608 388 655 proprie
415 608 619 643 mandatum
646 612 731 643 erat.

301 666 371 701 ΠΙ.
400 667 432 712 2,
462 668 493 701 2.
537 666 720 713 Gabinius,
749 667 807 714 qui
835 679 866 702 α.
895 668 928 703 (Ζ.
956 668 1018 703 IV
1044 669 1129 705 Kal.
1161 670 1292 706 Octobr.
1323 676 1419 707 noctu
1450 675 1482 708 in
1514 675 1627 710 urbem
1658 678 1851 726 introierat,
1876 685 1915 716 ut

250 723 398 771 legimus
437 725 474 759 in
514 737 566 772 ep.
611 727 640 771 1,
683 727 728 760 24
768 725 802 760 h.
842 726 878 772 l.‚
920 731 1082 762 narratur
1116 728 1227 763 subito
1256 729 1363 766 honus
1392 733 1579 779 imperator
1607 739 1705 770 noctu
1736 738 1769 771 in
1800 739 1916 774 urbem

248 781 397 816 hostium
424 782 532 830 plane
568 783 748 818 invasisse.
790 783 916 818 Merito
944 784 1217 832 KVesenbergius
1246 788 1323 824 Em.
1353 790 1415 825 alt.
1442 803 1475 837 p.
1506 793 1551 826 74
1581 800 1684 839 negat
1712 795 1916 833 Ciceronem

247 839 298 874 sic
325 840 473 875 scribere
500 841 663 887 potuisse,
693 841 721 875 si
749 841 854 876 vellet
881 842 994 877 dicere
1022 843 1058 877 in
1086 844 1207 879 urbem
1236 857 1365 892 eorum,
1394 848 1453 894 qui
1482 850 1512 883 ei
1541 850 1644 896 plane
1672 851 1788 888 hostes
1804 860 1914 901 erant,

247 901 282 933 et
308 910 369 945 pro
396 898 544 933 hostium
564 899 672 946 plane
697 899 844 934 coniecit
868 900 1092 935 scribendum
1118 901 1273 937 hostilem
1293 904 1402 951 plone
1432 907 1465 940 in
1495 908 1642 943 modam.
1671 911 1721 944 At
1748 923 1831 958 pace
1846 913 1913 948 viri

246 956 441 991 acutissimi
469 957 582 991 dicam
609 957 714 991 nimis
741 957 806 991 hoc
834 958 991 993 recedere
1018 971 1037 993 a
1065 959 1238 1006 scriptura
1266 962 1393 997 tradita
1435 964 1507 999 Cur
1534 978 1601 1000 non
1631 967 1784 1004 dicemus
1805 971 1914 1017 plane

246 1018 361 1050 ortum
392 1027 464 1050 esse
503 1027 521 1050 e
554 1015 670 1062 pleuti,
708 1019 741 1050 et
781 1016 970 1051 scribemus
1001 1017 1036 1051 in
1065 1017 1180 1052 urbem
1207 1018 1353 1053 hostium
1376 1021 1543 1067 plenam?
1572 1023 1756 1071 Gabinius,
1786 1029 1845 1073 qui
1872 1029 1910 1063 in

246 1073 427 1120 provincia
454 1073 543 1108 nihil
570 1073 705 1108 fortiter
732 1079 859 1120 egerat,
889 1075 948 1121 qui
976 1076 1112 1110 nullam
1140 1089 1295 1123 unquam
1314 1079 1433 1114 urbem
1453 1080 1605 1117 hostium
1625 1090 1697 1118 erat
1712 1097 1906 1133 aggressus,

246 1143 339 1166 nunc
374 1131 488 1166 subito
521 1132 632 1166 bonus
670 1132 857 1179 imperator
886 1133 998 1168 sactus
1025 1134 1062 1168 in
1091 1135 1214 1169 urbem
1242 1136 1389 1171 Romam
1418 1138 1571 1174 hostium
1600 1152 1741 1177 suorum
1770 1143 1910 1190 plenam

248 1189 436 1224 invaserat.

294 1248 439 1283 Ibidem.
468 1248 581 1283 Homo
610 1249 760 1295 undique
784 1250 878 1284 atius·
904 1253 934 1284 et
959 1263 1066 1297 quum
1093 1263 1113 1285 a.
1143 1263 1192 1286 me
1219 1264 1261 1287 m.
1292 1253 1542 1290 vulneraretur.
1583 1258 1725 1293 Reiecta
1753 1260 1907 1297 Manutii

242 1306 453 1340 correctione
480 1305 575 1340 Wes.
606 1306 804 1353 suspicatus
832 1312 883 1341 est
911 1308 946 1342 in
974 1309 1068 1343 atius
1095 1312 1124 1343 cl
1150 1309 1258 1345 latere
1284 1313 1478 1357 eraqe'tcdus
1519 1315 1608 1349 Mihi
1637 1318 1747 1362 magis
1770 1318 1903 1365 placet:

242 1363 340 1398 homo
376 1363 526 1411 undique
558 1367 706 1411 saeptus,
735 1365 825 1411 quod
854 1365 943 1400 idem
971 1371 1022 1401 est
1049 1371 1154 1413 atque
1182 1369 1433 1405 circumventus
1460 1371 1502 1405 ab
1533 1373 1684 1408 mima-is
1711 1375 1747 1409 in
1776 1376 1906 1414 Salust.

241 1420 318 1456 Cat.
349 1422 405 1457 31.

292 1479 436 1514 Ibidem.
464 1479 584 1514 Cicero
610 1492 731 1515 causas
758 1492 976 1527 enumerans,
1006 1494 1066 1517 cur
1092 1483 1136 1517 ab
1163 1485 1358 1519 accusando
1386 1485 1538 1522 Gabinio
1566 1489 1740 1525 abstineat
1766 1493 1902 1528 verbis:

240 1538 462 1585 ἀπότευγμα
501 1537 654 1583 formido
682 1550 718 1573 o:
761 1538 935 1574 infelicem
976 1541 1209 1576 accusationis
1250 1553 1447 1578 successum
1486 1549 1612 1592 metuo,
1647 1548 1844 1595 subiungit:
1874 1554 1904 1585 et

240 1595 340 1629 timeo
379 1608 419 1630 ne
458 1596 512 1631 illel
553 1609 603 1631 me
642 1601 822 1632 accusante
863 1598 1006 1645 aliquod
1045 1600 1179 1634 aecidat
1205 1613 1242 1635 o:
1270 1614 1314 1636 ne
1341 1603 1599 1639 condemnetur.
1644 1606 1759 1648 Quum
1786 1612 1902 1644 autem

239 1653 360 1689 Cicero
399 1667 470 1689 nou
509 1655 619 1702 possit
656 1656 775 1691 eodem
816 1660 968 1704 tempore
1006 1658 1138 1705 timere,
1179 1671 1222 1694 ne
1262 1659 1305 1695 G.
1345 1661 1548 1697 absolvatur
1579 1670 1612 1698 et
1639 1666 1898 1714 condemnetur,

237 1711 420 1747 Manutius
446 1713 531 1748 haec
559 1713 683 1748 ultima
710 1714 978 1762 interpretatur:
1008 1717 1112 1751 timeo
1139 1729 1182 1751 ne
1209 1718 1422 1754 absolvatur.
1452 1720 1516 1755 Sed
1537 1722 1691 1757 violenta
1710 1724 1774 1759 hac
1794 1725 1900 1761 inter—

236 1771 430 1817 pretatione
472 1772 561 1806 nihil
600 1772 809 1819 proficimus,
840 1774 908 1808 nisi
935 1775 1025 1821 quod
1054 1775 1174 1810 Cicero
1202 1777 1254 1811 bis
1283 1777 1373 1812 idem
1400 1778 1531 1814 dixisse
1559 1781 1769 1817 invenietur.
1815 1783 1896 1819 Non

238 1828 399 1875 intelligo
436 1841 496 1864 cur
523 1830 670 1865 editores
696 1843 766 1865 non
795 1836 987 1878 sequantur
1012 1833 1234 1869 Schuetzium
1262 1836 1399 1870 accedat
1425 1838 1652 1883 corrigentem
1682 1844 1714 1874 et
1741 1840 1782 1875 de
1809 1854 1900 1877 emo-

235 1885 392 1922 lumento
419 1888 716 1935 interpretantem.
746 1890 799 1924 Ita
828 1894 918 1925 recte
946 1892 1045 1926 timeo
1072 1904 1112 1926 ne
1139 1914 1185 1917 —
1212 1894 1348 1928 accedat
1376 1896 1533 1941 seqnitur
1565 1902 1642 1943 post
1673 1896 1896 1944 ἀπότευγμα

233 1943 399 1990 formido,
436 1950 469 1980 et
500 1946 609 1980 oratio
637 1959 657 1981 a
686 1948 809 1982 minori
836 1949 879 1982 ad
907 1950 1019 1984 maius
1046 1951 1275 1997 progreditur.

285 2001 355 2037 III.
397 2004 429 2048 2,
467 2005 498 2038 3.
539 2004 693 2039 Nomina
720 2005 813 2041 data.
842 2006 1024 2042 Manutius
1052 2009 1248 2044 adnotavit:
1281 2010 1437 2056 „prolata
1464 2023 1591 2056 eorum,
1621 2014 1681 2059 qui
1707 2016 1893 2063 participes

233 2064 296 2095 aut
333 2061 463 2096 conscii
501 2061 640 2097 fuerant
678 2064 870 2098 maiestatis
910 2065 1126 2112 imminutae,
1168 2067 1294 2113 quibus
1335 2069 1481 2103 testibus
1521 2069 1695 2106 Gabinius
1730 2075 1892 2110 convinci

232 2119 384 2165 posset.''
424 2120 468 2154 In
506 2120 570 2155 hac
609 2121 842 2168 explicatione
883 2123 987 2158 ceteri
1025 2124 1172 2159 editores
1210 2126 1426 2172 aequievisse
1461 2128 1634 2164 videntur.
1673 2131 1737 2165 Est
1774 2136 1891 2168 tamen

230 2176 393 2223 absurda,
421 2189 502 2212 nam
530 2182 635 2213 testes
662 2191 733 2214 non
759 2180 988 2216 nominantur
1013 2186 1047 2217 et
1072 2182 1196 2217 saltem
1232 2183 1398 2219 debuerat
1425 2186 1528 2220 scribi
1557 2188 1695 2222 nomina
1723 2188 1823 2235 edita,
1851 2194 1891 2225 ut

231 2233 433 2280 Madvigius
459 2235 496 2270 in
524 2236 670 2272 Emend.
698 2237 789 2283 Lim,
817 2250 849 2285 p.
880 2240 949 2273 345
978 2240 1069 2287 apud
1098 2241 1242 2276 Livium
1268 2242 1451 2288 XXXIX,
1482 2245 1538 2290 37,
1559 2246 1602 2279 12
1622 2246 1729 2280 edidit
1746 2247 1889 2294 colleoae

230 2303 351 2327 nomen«
390 2305 451 2340 pro
477 2294 621 2340 vulgato
649 2295 741 2330 dedit
767 2307 794 2331 c.
823 2308 941 2331 nomen
970 2299 1132 2333 restituit.
1173 2299 1249 2345 Ego
1276 2300 1461 2335 verborum
1487 2303 1695 2337 sententiam
1725 2304 1887 2341 obscura-

229 2353 302 2386 tam
329 2362 450 2386 censeo
476 2352 568 2387 male
593 2353 719 2388 omisso
736 2354 916 2390 vocabulo.
944 2356 1083 2403 Appius
1098 2357 1135 2391 in
1149 2361 1273 2392 senatu
1286 2370 1358 2393 non
1372 2359 1484 2394 solum
1498 2360 1676 2395 accusavit
1691 2360 1885 2398 Gabinium

229 2409 433 2456 maiestatis,
462 2410 521 2445 sed
548 2412 716 2446 conviciis
741 2413 946 2458 exagitavit.
974 2414 1015 2449 Id
1042 2416 1091 2450 ita
1117 2415 1186 2450 dici
1211 2420 1341 2463 potest:
1370 2418 1512 2451 nomina
1538 2417 1657 2453 odiosa
1682 2418 1775 2455 data.

278 2467 348 2503 III.
377 2468 410 2514 6,
440 2469 472 2504 6.
500 2468 559 2503 Ita
585 2469 740 2504 mendose
765 2473 797 2504 et
820 2470 1023 2506 scribuntur
1049 2476 1079 2507 et
1105 2476 1258 2508 veneunt.
1304 2474 1417 2517 Quam
1444 2475 1537 2510 iusta
1562 2476 1609 2510 sit
1635 2472 1719 2512 h'aec
1745 2479 1887 2524 querela

227 2524 270 2560 de
295 2525 394 2561 libris
421 2526 570 2574 Latinis,
598 2527 654 2562 hic
681 2527 755 2576 ipse
790 2528 886 2564 locus
913 2529 1023 2566 docet.
1062 2530 1155 2566 Nam
1182 2543 1294 2578 neque
1321 2537 1405 2580 erat,
1433 2545 1496 2568 cur
1520 2533 1640 2569 Cicero
1666 2536 1772 2571 verba
1797 2537 1886 2572 scri-
