2163 3020
275 260 324 295 ‘20
469 271 781 302 OBSERVATIONES
803 274 980 303 CRITICAE
1003 276 1054 304 AD
1078 277 1116 306 M.
1139 277 1267 307 TULLII
1292 278 1492 309 CICERONIS
1515 281 1729 313 EPISTOLAS.

273 369 376 404 candi
404 382 442 405 ea
470 382 558 417 quae
585 383 665 406 vera
694 383 764 407 non
793 373 875 408 sint.
920 373 971 410 Ut
997 374 1046 410 ibi
1073 375 1223 413 dicitur:
1251 378 1310 413 scd
1330 378 1575 416 calumniabar
1600 383 1683 430 ipse,
1711 384 1761 419 sic
1786 384 1948 421 hocloco

273 439 343 462 nou
384 429 523 476 scripsit
560 430 650 477 quod
690 443 708 466 e
748 431 840 468 Med.
870 434 1047 470 revocavit
1080 435 1243 473 Wesenb.
1273 440 1303 472 tc
1330 438 1564 476 calumniatus
1590 454 1677 489 sam,
1706 443 1765 478 sed
1792 443 1826 478 id
1854 444 1947 490 quod

272 484 456 522 Manutius
483 487 638 523 defendit
666 489 900 526 calumniatus
925 504 1013 528 sam.
1069 493 1195 530 Errore
1222 495 1358 531 librarii
1385 509 1430 533 ex
1456 501 1557 535 antea
1584 501 1752 549 repetitae
1779 505 1862 537 sunt
1888 502 1948 538 lit-

271 546 366 580 terae
394 548 433 581 te.

319 603 386 639 IX.
430 606 486 651 16,
531 607 561 640 1.
603 606 827 643 Delectat-emt
860 621 911 644 me
950 612 1029 645 tuae
1067 610 1211 659 litterae,
1255 613 1288 647 in
1317 613 1440 661 quibus
1459 615 1621 662 primum
1648 615 1766 649 amavi
1791 627 1944 651 amorem

265 664 373 709 tuum,
402 665 462 711 qai
485 667 515 699 tc
541 664 588 700 ad
613 665 829 702 scribendam
860 669 1027 705 incitavit.
1066 669 1342 717 Wesenbergius
1357 673 1480 708 merito
1500 672 1631 720 sprevit
1645 672 1793 720 Kleynii
1809 674 1944 709 coniec-

264 724 380 758 turam
407 736 427 758 a
454 723 596 759 Baitero
624 728 751 761 temere
779 730 953 774 receptam
988 728 1225 764 animadverti·
1252 742 1313 778 pro
1340 732 1469 767 amavi.
1511 731 1546 766 Si
1575 731 1658 778 quid
1686 735 1776 767 esset
1803 734 1941 767 mutan-

263 780 359 827 dum,
387 794 449 829 pro
477 782 538 818 illo
567 784 754 819 scriberem
782 787 930 833 aanor&
957 787 1015 822 scd
1044 787 1134 823 nihil
1163 789 1372 825 mutandum
1399 794 1461 826 est.
1491 791 1625 825 Amare
1638 790 1732 825 enim
1748 790 1806 825 hie
1820 790 1940 827 eadem

261 839 297 874 vi
334 840 488 887 ponitur,
524 854 628 888 quam
668 842 774 879 habet
801 844 837 879 in
865 857 918 893 ep.
946 846 988 881 ad
1016 846 1094 882 Att.
1130 850 1161 882 to
1186 848 1332 883 maltam
1358 861 1528 895 amamus,
1556 849 1586 884 Ι.
1617 850 1649 895 3,
1678 850 1719 895 23
1747 849 1820 884 ‘colo
1847 861 1940 884 ames

263 910 369 933 meam
412 902 640 936 constantiam
682 902 731 938 ΙΙ.
777 904 842 950 103
882 905 1046 941 Alea-[dis
1085 919 1226 942 manum
1253 907 1413 943 amabam
1443 908 1530 945 VII.
1562 910 1593 955 2,
1623 909 1655 944 3.
1700 908 1794 954 Ergo
1821 909 1941 943 amavi

259 970 410 993 amtorem
438 962 532 994 tuum
562 960 696 996 dictum
723 965 775 997 est
801 975 882 1010 pro:
911 968 1033 1010 gratus
1060 968 1093 1000 et
1121 969 1284 1014 aceeptus
1312 967 1399 1002 mihi
1426 967 1494 1002 fuit
1522 978 1619 1002 amor
1645 970 1738 1001 tuus.
1775 988 1823 991 —
1855 966 1938 1002 Obi—

258 1019 311 1051 ter
339 1029 472 1064 moneo,
501 1019 593 1065 quod
620 1019 777 1055 nondum
804 1021 848 1055 ab
885 1022 964 1057 aliis
1005 1027 1213 1071 occupatum
1240 1024 1324 1072 vidi,
1353 1028 1431 1072 post
1452 1025 1614 1073 primam
1641 1025 1760 1059 amave?
1785 1036 1937 1060 amorem

255 1077 350 1109 teiam
380 1076 584 1112 Ciceronem
612 1078 765 1114 voluisse
792 1080 917 1116 addere
945 1084 1016 1116 tum
1046 1083 1228 1118 iocationes
1255 1087 1343 1131 tuas,
1373 1084 1431 1120 sed
1459 1084 1620 1132 pluribus
1647 1084 1865 1132 interpositis
1896 1084 1934 1120 in

254 1133 274 1179 ξ
297 1134 316 1168 7
352 1134 502 1181 (lenique
530 1140 665 1172 mutata
692 1138 861 1174 orationis
889 1139 992 1175 initio
1019 1140 1204 1177 institutae
1232 1142 1343 1178 forma
1372 1143 1422 1178 sie
1450 1144 1663 1191 perrexisse:
1705 1143 1811 1179 Nmzc
1838 1145 1935 1179 venio

253 1192 301 1227 ad
330 1193 513 1229 iocationes
540 1198 628 1231 tuas.

304 1251 371 1288 IX.
403 1254 459 1300 13,
492 1255 522 1289 1.
563 1254 767 1303 Discipulos
794 1256 929 1292 obviam
955 1259 1131 1306 miseram,
1161 1262 1198 1294 at
1225 1259 1340 1295 cadem
1358 1272 1410 1296 me
1428 1261 1695 1308 qicammaccime
1708 1260 1934 1296 conciliarent

252 1310 435 1358 familiari
472 1324 545 1349 sao.
586 1314 642 1349 Ita
680 1315 865 1351 ediderunt
904 1317 946 1354 B.
974 1321 1008 1352 et
1034 1318 1093 1354 W.
1122 1319 1232 1354 secuti
1260 1319 1333 1355 cod.
1363 1319 1455 1355 Med.
1484 1320 1714 1367 Antiquiores
1742 1320 1839 1356 editt.
1868 1333 1931 1368 pro

251 1370 365 1405 eadem
403 1371 534 1406 habent
576 1372 689 1420 iidem,
731 1375 822 1421 quod
860 1375 946 1411 dant
981 1377 1041 1411 alii
1084 1377 1229 1424 codices,
1258 1378 1356 1413 velut
1383 1378 1498 1414 Amst.
1541 1378 1741 1425 Utrumque
1767 1381 1870 1414 vacat
1896 1381 1931 1414 et

251 1427 438 1465 delendum
465 1430 615 1467 videtur.

301 1488 369 1524 IX.
401 1490 457 1536 18,
487 1491 519 1526 3.
567 1489 657 1526 Veni
685 1491 805 1539 iyitur,
833 1493 866 1527 si
892 1493 949 1528 vir
974 1505 1017 1540 es,
1046 1497 1075 1528 et
1102 1494 1194 1530 disce
1219 1507 1240 1530 α
1266 1507 1318 1530 me
1344 1496 1638 1544 προλεγομένοις,
1667 1506 1752 1543 quas
1777 1494 1927 1542 quaeris.

250 1546 371 1582 Iocum
398 1560 440 1583 ex
468 1549 645 1597 ambiguo,
674 1562 777 1597 quem
805 1551 866 1586 alii
893 1551 951 1587 hie
978 1552 1178 1601 inveniunt,
1201 1554 1340 1589 nullum
1368 1554 1480 1601 video,
1497 1566 1561 1589 nee
1575 1553 1737 1599 intelligo
1756 1553 1928 1599 quomodo

247 1607 521 1655 προλεγόμειναι
562 1612 597 1643 et
636 1609 870 1657 praefationes
911 1612 948 1646 in
990 1612 1110 1648 schola
1146 1613 1326 1649 Ciceronis
1366 1613 1540 1649 rhetorica
1580 1615 1614 1649 et
1638 1612 1734 1648 eibos
1760 1611 1927 1648 lautiores

249 1664 432 1711 designare
458 1668 606 1714 possint.
636 1668 726 1704 Cum
754 1669 914 1706 Victorio
942 1672 1107 1707 mendum
1134 1673 1192 1708 hie
1220 1673 1360 1708 subesse
1387 1673 1562 1720 existimo,
1591 1671 1721 1720 partim
1748 1674 1839 1706 certe
1861 1671 1928 1706 tol-

248 1723 392 1760 lendum
419 1726 620 1762 scribendo:
650 1727 742 1763 (lis-cc
767 1741 788 1763 a
817 1741 868 1764 me
893 1734 1127 1779 προηγμένα,
1161 1744 1246 1779 quac
1273 1733 1413 1780 quaeris
1439 1744 1476 1767 a:
1504 1731 1701 1779 praecipua,
1730 1741 1798 1777 quo
1824 1741 1927 1765 voea-

246 1782 330 1817 bulo
357 1783 562 1832 Stoicorum,
591 1786 648 1821 eui
674 1791 901 1835 opponuntur
927 1792 1229 1838 ἀποπροηγμένα
1256 1791 1294 1826 in
1321 1804 1374 1839 ep.
1403 1791 1436 1838 7,
1466 1792 1487 1826 2
1514 1790 1548 1826 h.
1576 1790 1600 1825 l.
1628 1791 1830 1835 memorata,
1850 1791 1923 1824 tam

245 1841 517 1879 declamationes
543 1857 650 1892 quam
677 1846 744 1881 cibi
772 1846 860 1882 lauti
887 1852 1050 1895 poterant
1078 1849 1241 1885 indicari.

296 1901 364 1937 IX.
395 1904 452 1949 ⁶24,
483 1904 514 1938 3.
555 1904 621 1939 Illi
648 1908 850 1952 συμπόσια
877 1910 938 1942 aut
967 1907 1190 1956 σύνδειπνα,
1220 1908 1258 1943 Υἱίϊ
1293 1911 1339 1943 cst
1367 1908 1630 1956 compotationes
1656 1909 1717 1941 ant
1743 1918 1922 1942 concoena-

244 1961 363 2007 tiones,
406 1974 466 1997 nos
500 1964 669 2000 conrii-ia.
708 1964 833 2001 Plures
868 1967 1037 2013 puerilem
1073 1967 1398 2016 interpretationem
1425 1967 1677 2002 vocabulorum
1705 1965 1917 2001 Graecorum

243 2017 427 2054 delendam
457 2032 530 2056 esse
557 2026 779 2059 monuerunt.
808 2024 917 2060 Recte
944 2025 1065 2061 Cicero
1092 2027 1130 2062 in
1157 2026 1289 2074 Laelio,
1320 2027 1378 2073 45,
1409 2038 1518 2073 quum
1546 2025 1690 2061 Graecis
1715 2024 1918 2060 nominibus

243 2078 295 2113 uti
335 2078 456 2126 nollet,
494 2080 697 2116 convivium
731 2083 894 2131 opposuit
930 2084 984 2132 iis,
1013 2085 1142 2131 quibus
1170 2085 1297 2121 Graeci
1323 2085 1526 2131 utebantur,
1555 2084 1615 2132 qui
1641 2083 1702 2118 lioc
1727 2082 1818 2117 idem
1846 2085 1918 2118 tum

241 2138 522 2184 compotationem
554 2142 625 2174 tum
665 2142 955 2177 concocnationem
995 2146 1116 2178 vocant
1124 2157 1139 2189 ,·
1179 2143 1270 2178 male
1309 2143 1343 2178 h.
1382 2143 1405 2179 1.
1434 2142 1638 2178 nominibus
1666 2140 1810 2177 Graecis
1838 2141 1919 2176 sub-

242 2195 417 2232 iunxisset
444 2197 770 2245 interpretationem
795 2200 973 2248 Latinam,
1002 2214 1071 2249 qua
1089 2202 1219 2238 Paetus
1238 2214 1309 2237 non
1324 2201 1516 2249 indigebat.
1545 2201 1663 2244 Quum
1677 2199 1747 2235 alio
1762 2202 1917 2246 tempore

240 2253 271 2289 ei
299 2254 473 2303 Aristippi
513 2256 646 2292 dictum
682 2257 810 2294 Latine
850 2259 1002 2307 citasset,
1030 2260 1234 2309 adscripsit:
1267 2260 1398 2295 Gracco
1422 2261 1483 2295 hoc
1508 2259 1658 2304 melz·ns;
1683 2261 1731 2305 tu,
1759 2258 1791 2293 si
1819 2258 1915 2306 voles,

239 2312 517 2361 interpretabere,
558 2314 591 2350 h.
630 2314 653 2350 1.
693 2316 750 2362 26,
782 2317 814 2352 2.
858 2316 945 2360 Quis
973 2318 1090 2353 credat
1118 2318 1320 2354 Ciceronem
1348 2318 1391 2353 ad
1419 2318 1566 2354 eundem
1595 2317 1680 2352 haee
1706 2316 1915 2352 scribentem

237 2368 563 2418 interpretationem
591 2373 844 2410 vocabulorum
873 2375 1087 2411 Graecorum
1114 2377 1309 2412 adiecisse?

286 2429 354 2465 IX.
396 2431 454 2476 20,
496 2433 526 2466 1.
570 2431 670 2476 Quod
709 2436 747 2468 tu
787 2446 896 2469 mmm
923 2437 1072 2482 ζήτημα
1100 2435 1212 2471 Dioni
1230 2436 1397 2484 posuisti.
1439 2435 1497 2471 Sic
1524 2434 1746 2470 scribendum
1774 2433 1913 2469 videtur

233 2487 346 2523 deleto
367 2489 573 2538 philosopho
597 2495 675 2539 post
704 2504 831 2529 nomen
859 2494 997 2530 Dionis.
1026 2495 1183 2543 Repetiit
1209 2495 1341 2542 aliquis
1369 2507 1387 2531 e
1414 2494 1703 2543 praecedentibus
1718 2495 1748 2527 te
1762 2492 1910 2539 consulo,

231 2547 294 2594 qui
314 2547 559 2597 philosophmn
587 2550 702 2586 azali-s.
745 2552 853 2587 Hune
880 2565 956 2588 esse
983 2554 1132 2589 Dionem
1164 2554 1295 2589 Paetus
1322 2553 1476 2601 profecto
1503 2564 1575 2588 non
1602 2554 1678 2587 erat
1705 2550 1912 2586 monendus.
