2163 3020
277 257 324 292 44
494 265 805 294 OBSERVATIONES
829 263 1005 292 CRITIOAE
1028 263 1080 292 AD
1103 264 1140 293 M.
1163 264 1292 293 TULLH
1317 264 1515 293 CICERONIS
1537 265 1753 294 EPISTOLAS.

282 360 316 396 h.
345 361 367 397 l.
396 362 537 409 requiri,
566 361 599 397 id
628 373 722 397 nunc
751 365 881 409 repeto.
917 362 1139 398 Emittebant
1165 362 1318 410 aliquem
1347 375 1365 398 e
1391 375 1538 411 carcere,
1566 376 1584 398 e
1608 363 1830 410 vinculis,ex
1858 365 1954 410 urbe,

276 420 486 456 emittebant
527 419 606 467 tela,
645 432 731 456 saxa
768 420 844 457 scil.
872 433 890 457 e
916 421 1092 469 manibus,
1120 421 1179 457 sed
1207 421 1407 466 mittebant,
1444 422 1502 469 qui
1531 421 1665 469 aliquid
1692 422 1872 458 nuntiaret
1899 422 1955 458 vel

277 478 427 526 denique
466 478 605 515 faceret.
646 479 744 514 Idem
785 492 880 515 error
916 479 1056 516 facilius
1092 479 1335 527 committitur,
1365 481 1425 516 ubi
1452 493 1469 516 e
1494 481 1680 529 praecedit,
1708 485 1749 517 ut
1776 482 1812 517 in
1840 481 1955 517 Curtii

279 536 349 572 III.
392 538 450 583 27,
479 537 539 573 ubi
566 549 687 573 omnes
714 537 785 573 fere
810 538 908 574 codd.
936 538 1023 574 dant
1049 551 1146 587 eques
1172 551 1192 574 a
1220 539 1456 575 Parmenione
1481 540 1636 586 emissus,
1663 552 1755 576 unus
1782 540 1956 576 Florenti-

278 607 344 631 nus
384 608 504 631 verum
546 597 673 632 missus
713 597 879 633 servavit.
919 597 1019 633 Idem
1061 597 1284 646 participium
1320 598 1576 634 restituendum
1615 599 1730 635 estin
1757 599 1954 646 fragmento

276 653 422 690 Catonis
448 655 540 703 apud
569 655 769 692 Charisium
797 669 830 704 p.
862 656 932 692 124
966 656 1130 693 Lindem.
1167 660 1201 692 et
1229 657 1266 692 in
1295 656 1392 693 Orat.
1423 657 1488 693 Ro.
1516 657 1640 704 fragm.
1668 670 1689 693 a
1715 658 1857 705 Meyero
1884 657 1956 693 col-

275 712 375 749 lectis
414 726 447 762 p.
489 715 534 750 33
575 714 628 751 ed.
657 726 736 761 sec.,
763 714 825 750 ubi
853 715 903 750 sic
930 715 1061 751 editur:
1091 715 1167 751 Eas
1193 727 1248 751 res
1274 727 1341 751 uon
1363 728 1465 764 posse
1490 717 1669 763 sustineri,
1695 717 1768 752 uisi
1793 728 1829 752 eo
1849 729 1954 765 prae-

271 772 366 808 sidia
395 785 521 821 mayna
549 774 840 822 framwdmnque.
869 774 1033 822 Corrigo:
1063 796 1110 800 —
1138 775 1211 810 uisi
1236 776 1341 811 misso
1361 776 1546 824 praesidio
1561 788 1686 824 magno
1700 775 1952 824 frumentoque.

322 831 373 868 II.
417 834 473 879 14,
510 834 542 868 2.
583 832 780 868 Basilicam
820 832 935 879 habeo,
963 845 1032 868 uon
1061 833 1194 880 villam,
1221 833 1419 882 frequentia
1445 834 1733 881 Formianorum,
1762 838 1862 882 atque
1888 836 1952 870 im-

264 903 389 939 parem
430 891 611 927 basilicam
651 891 762 927 tribui
802 892 978 927 Aemiliae
1017 904 1055 928 o:
1097 896 1203 940 atque
1243 893 1436 940 basilicam,
1479 906 1567 941 quae
1595 906 1717 942 capere
1743 906 1813 930 non
1842 894 1951 942 possit

269 950 402 986 tribum
442 951 644 987 Aemiliam.
685 950 743 987 Sic
782 951 876 986 hunc
906 951 1023 987 locum
1051 952 1276 988 scribendum
1305 952 1415 988 videri
1442 952 1480 987 in
1507 952 1734 988 adnotatione
1761 952 1948 989 declaravi.

270 1009 387 1045 Aliter
426 1010 541 1045 visum
581 1009 762 1055 Madvigio
801 1009 838 1044 in
877 1009 1001 1045 horreo
1037 1010 1176 1046 Gallico
1203 1010 1325 1046 Revue
1353 1010 1394 1046 de
1421 1010 1620 1057 Philologie
1647 1011 1686 1046 II
1714 1024 1747 1058 p.
1778 1012 1847 1046 186
1876 1023 1946 1058 seq.

268 1069 362 1104 Nam
389 1081 497 1116 quum
525 1081 543 1104 e
570 1068 668 1104 codd.
698 1068 789 1104 Med.
818 1071 852 1104 et
880 1068 975 1104 Crat.
998 1072 1138 1116 partem
1166 1073 1317 1116 notetur,
1345 1070 1405 1105 ille
1432 1070 1551 1106 omnia
1578 1083 1664 1106 sana
1684 1070 1826 1117 iudicat,
1848 1070 1948 1106 modo

268 1127 319 1162 sic
347 1127 564 1173 distinguas:
593 1127 643 1162 At
669 1139 772 1174 quam
793 1129 933 1174 partem
960 1127 1148 1163 basilicae!
1175 1127 1305 1163 tribum
1333 1128 1535 1165 Aemiliam.
1581 1129 1678 1172 Quae
1705 1129 1754 1165 sic
1781 1129 1949 1177 interpre-

266 1189 374 1231 tatur,
415 1185 515 1232 quasi
556 1184 676 1220 Cicero
718 1184 783 1219 hoc
817 1185 911 1220 dicat
939 1185 1063 1221 villam
1091 1198 1191 1221 suam
1219 1197 1291 1221 non
1318 1186 1432 1222 solum
1459 1198 1533 1222 esse
1561 1186 1755 1233 basilicam,
1784 1187 1842 1222 sed
1871 1199 1947 1223 eam

270 1244 436 1280 basilicae
464 1249 609 1292 partem,
638 1244 674 1278 in
704 1256 772 1290 qua
800 1244 913 1279 tribus
940 1244 1095 1279 Aemilia
1123 1244 1225 1279 valde
1252 1244 1415 1292 frequens
1434 1246 1624 1281 consistere
1643 1245 1787 1281 solebat.
1817 1246 1945 1293 Audio,

269 1304 327 1339 scd
366 1304 473 1338 donec
515 1302 718 1349 Madvigius
759 1303 961 1350 probaverit
996 1303 1122 1339 tribum
1150 1316 1250 1352 posse
1276 1304 1345 1339 dici
1367 1307 1502 1352 partem
1532 1303 1705 1351 basilicae,
1734 1317 1844 1340 meam
1874 1317 1947 1340 cor-

269 1363 460 1398 iectionem
490 1375 560 1397 non
590 1361 746 1410 repudio.

321 1422 372 1458 II.
416 1424 472 1467 16,
512 1424 545 1457 4.
589 1421 632 1457 Si
664 1433 805 1469 possum
833 1421 1015 1468 discedere,
1044 1434 1085 1456 ue
1111 1433 1216 1457 causa
1245 1423 1371 1470 optima
1399 1424 1434 1458 iri
1460 1425 1581 1458 senatu
1602 1426 1735 1470 pereat,
1763 1435 1821 1471 eqo
1846 1425 1946 1459 satis-

270 1483 399 1529 faciam
420 1481 620 1529 publicanis
636 1495 647 1523 ,·
674 1483 712 1518 εἰ
732 1481 770 1518 δὲ
796 1485 860 1528 μὴ,
900 1502 936 1506 -
967 1481 1001 1516 in
1028 1480 1092 1516 hac
1119 1493 1156 1516 re
1183 1481 1270 1516 mcdo
1298 1483 1480 1517 universae
1498 1482 1608 1517 Asiae
1622 1481 1944 1529 ciueyotialoribus.

271 1540 399 1577 Omnia
426 1541 608 1588 perspicua
633 1544 770 1588 praeter
797 1552 829 1576 v.
858 1539 1039 1586 discedere,
1068 1540 1159 1586 quod
1188 1540 1396 1588 interpretes
1412 1540 1508 1575 varie
1526 1539 1702 1587 explicare
1720 1540 1836 1575 conati
1851 1544 1944 1577 sunt.

267 1600 452 1635 Manutius
489 1599 695 1645 elegantem,
734 1604 772 1634 ut
812 1603 924 1645 vocat,
966 1599 1177 1634 sententiam
1204 1599 1476 1647 interpretatur:
1511 1598 1568 1644 „Si
1596 1610 1737 1646 possum
1765 1599 1941 1646 consequi,

267 1671 310 1693 ne
352 1657 478 1693 Graeci
517 1670 622 1693 causa
662 1657 830 1704 cadant;”
873 1657 963 1704 quod
1004 1657 1069 1692 etsi
1110 1669 1292 1693 assensum
1321 1658 1403 1692 tulit
1430 1657 1638 1693 Ruhnkenii
1667 1657 1703 1692 in
1730 1657 1871 1692 dictatis
1898 1656 1941 1692 ad

267 1718 346 1753 Ter.
386 1717 528 1753 Phorm.
569 1717 614 1752 V.
654 1718 686 1763 2,
730 1718 749 1751 S
777 1716 882 1764 plane
904 1716 1033 1751 falsum
1061 1720 1124 1751 est.
1165 1716 1259 1751 Nam
1287 1728 1350 1751 nee
1377 1716 1548 1751 discedere
1574 1719 1687 1763 potest
1714 1715 1842 1751 habere
1869 1716 1940 1750 vim

269 1775 514 1823 consequendi,
552 1788 614 1811 nec
654 1776 713 1811 ubi
755 1776 873 1822 agitur
899 1775 941 1810 de
968 1775 1104 1810 duabus
1132 1776 1259 1821 causis,
1288 1787 1360 1810 una
1387 1775 1667 1823 publicanorum,
1695 1774 1806 1810 altera
1833 1774 1942 1810 Grae-

269 1848 387 1870 culum
423 1839 455 1869 ct
484 1835 752 1881 negotiatorum,
781 1834 889 1869 altera
918 1837 1031 1882 potest
1058 1834 1175 1869 vocari
1203 1834 1344 1882 optima,
1373 1846 1480 1880 quum
1510 1834 1555 1868 sit
1582 1833 1714 1868 melior.
1755 1833 1941 1868 Schutzius

266 1895 331 1930 hoc
372 1895 491 1940 sensit,
529 1894 588 1929 sed
628 1894 664 1929 in
693 1893 903 1941 explicando
930 1906 963 1929 v,
992 1893 1164 1929 discedere
1190 1893 1317 1928 infelix
1344 1893 1422 1928 fuit.
1474 1892 1567 1927 Nam
1596 1892 1746 1939 simplex
1771 1892 1942 1927 discedere

268 1965 339 1988 non
366 1958 478 2001 potest
505 1953 572 1988 dici
600 1965 661 2000 pro
688 1952 860 1988 discedere
886 1964 907 1987 a
935 1965 1009 1987 mea
1036 1953 1214 1999 sententia,
1243 1964 1348 1999 quam
1375 1952 1507 1995 Quinto
1535 1951 1720 1998 declaravi,
1749 1952 1941 1998 portorium

268 2011 355 2046 illud
384 2023 454 2046 non
482 2011 598 2046 deberi
626 2011 836 2059 publicanis.
870 2011 1055 2046 Praeterea
1083 2023 1153 2045 non
1181 2010 1353 2057 intelligo,
1382 2010 1441 2057 qui
1468 2009 1589 2045 Cicero
1617 2014 1702 2044 tunc
1728 2022 1749 2045 a
1773 2021 1836 2045 sua
1863 2022 1940 2045 sen-

264 2070 376 2105 tentia
415 2069 589 2105 discedere
628 2070 781 2116 potuerit
820 2073 882 2104 aut
921 2069 1082 2105 voluerit.
1127 2069 1236 2105 Aliud
1264 2069 1479 2115 excogitavit
1506 2068 1607 2104 Fred.
1636 2068 1874 2104 Hoffmannus
1902 2069 1938 2104 in

266 2129 367 2177 epist.
396 2128 532 2164 selectis
560 2140 593 2176 p.
623 2130 669 2162 54
698 2128 780 2164 edit.
811 2129 878 2174 3⁸⁰,
907 2140 1058 2175 quocum
1085 2128 1168 2164 fecit
1194 2128 1423 2163 Meutznerus
1450 2140 1482 2175 p.
1514 2127 1584 2162 768
1612 2139 1666 2174 op.
1694 2127 1717 2162 l.
1746 2126 1887 2175 Accipit
1905 2139 1937 2162 V.

265 2188 437 2224 discedere
473 2188 514 2223 de
554 2187 764 2222 discessione
804 2188 848 2222 ab
889 2187 975 2223 urbe
1014 2190 1185 2235 putatque
1223 2187 1426 2223 Ciceronem
1464 2186 1530 2221 hoc
1564 2185 1665 2232 velle,
1699 2197 1745 2232 se,
1774 2186 1802 2221 si
1830 2186 1939 2234 possit

264 2247 385 2282 urbem
426 2246 633 2293 relinquere,
670 2246 788 2292 itaque
824 2257 894 2281 non
922 2245 1042 2281 venire
1070 2246 1105 2281 in
1134 2245 1279 2292 curiam,
1308 2245 1448 2292 quando
1475 2245 1516 2280 de
1543 2256 1583 2280 ea
1609 2256 1646 2279 re
1672 2248 1844 2291 ageretur,
1873 2245 1938 2280 hoe

264 2306 364 2341 modo
404 2305 603 2354 publicanis
645 2304 907 2340 satisfacturum
949 2316 1033 2351 esse,
1074 2316 1119 2341 ne
1145 2316 1251 2340 causa
1278 2304 1512 2352 optimatium,
1540 2315 1628 2350 quae
1654 2303 1833 2338 nitebatur
1859 2315 1939 2339 con-

259 2364 378 2400 cordia
407 2368 607 2400 senatorum
636 2368 670 2399 et
697 2363 867 2410 equitum,
896 2363 933 2398 in
961 2367 1085 2398 senatu
1113 2363 1253 2411 periret.
1280 2362 1335 2398 Ne
1360 2363 1397 2397 in
1412 2362 1477 2397 hac
1493 2361 1632 2409 quidem
1650 2361 1937 2409 interpretatione

261 2422 480 2469 acquiescere
520 2434 673 2470 possum.
719 2421 792 2457 Cur
831 2422 924 2457 enim
966 2421 1087 2458 Cicero
1113 2433 1184 2457 non
1214 2424 1330 2469 posset
1355 2421 1486 2467 abesse,
1514 2432 1623 2467 quum
1649 2432 1759 2468 paene
1785 2419 1935 2456 liberum

261 2486 350 2516 esset
392 2481 543 2517 senatori
572 2493 642 2516 non
670 2481 801 2528 adesse,
829 2484 868 2516 ut
895 2481 968 2529 ipse
994 2483 1145 2516 testatur
1171 2480 1264 2516 Phil.
1293 2480 1323 2516 I.
1354 2480 1426 2515 12?
1452 2482 1486 2515 et
1513 2478 1684 2525 quomodo
1711 2481 1845 2525 poterat
1873 2490 1936 2514 sua

258 2540 422 2576 absentia
450 2539 651 2575 satisfacere
679 2539 903 2588 publicanis?
940 2539 1057 2583 Quum
1085 2551 1166 2586 ergo
1195 2539 1295 2575 nulla
1322 2538 1510 2587 explicatio
1538 2537 1634 2572 verbi
1662 2536 1833 2572 discedere
1858 2548 1937 2585 pro-
