2163 3020
619 575 830 620 INDEX
858 576 1085 621 RERUM
1119 576 1204 620 ET
1234 573 1605 620 VERBORUM.

214 863 240 892 A
261 863 385 900 pedibus
402 873 429 900 p.
452 862 499 890 53.

215 913 238 940 A
261 913 290 940 te
313 915 341 940 et
361 912 439 940 certe
461 911 591 948 confusa
612 909 660 939 63.

213 959 260 988 Ab
281 962 309 988 et
331 959 366 987 de
387 958 435 987 38.

215 1007 261 1036 Ab
283 1007 352 1044 Opis
374 1008 457 1044 parte
478 1007 623 1035 vitiosum
643 1005 691 1034 50.

216 1055 309 1084 Abuti
329 1055 444 1084 coronis
466 1058 640 1093 suspectum
660 1054 706 1083 27.

215 1104 258 1132 Ao
278 1112 342 1132 non
359 1103 488 1141 ponitur
506 1106 575 1141 post
596 1103 846 1140 comparativum
867 1101 914 1130 49.

216 1153 258 1180 Ac
277 1155 306 1180 et
326 1153 380 1179 aut
396 1154 621 1189 permutantur
642 1150 688 1179 27.

215 1200 352 1228 Accidere
373 1216 412 1220 —
433 1200 565 1228 accedere
586 1198 634 1227 37.

215 1247 356 1276 Addicere
377 1246 427 1276 51.

215 1295 358 1324 Addictus
379 1295 428 1324 14.

214 1345 279 1381 Age
300 1343 348 1372 50.

216 1391 365 1420 Albanum
390 1409 428 1414 —
450 1392 481 1420 in
503 1392 652 1420 Albanum
673 1391 720 1420 51.

216 1439 383 1477 Aliquando
405 1443 432 1469 et
453 1440 587 1469 alicunde
608 1440 738 1477 confusa
758 1439 805 1468 10.

216 1490 323 1516 Amare
343 1497 473 1517 amorem
496 1497 585 1516 suum
602 1486 648 1515 20.

216 1536 380 1573 Angustiae
401 1536 533 1565 locorum
553 1535 578 1564 7.

214 1583 338 1612 Annalis
359 1583 450 1611 Attici
472 1582 518 1611 57.

214 1631 351 1660 Anniana
369 1631 486 1660 Milonis
508 1631 613 1660 domus
633 1631 682 1660 47.

214 1679 320 1708 Annus
342 1695 382 1700 -—
403 1688 538 1708 annuum
561 1679 609 1707 49.

214 1727 309 1765 Appia
330 1727 400 1765 (via)
422 1726 468 1756 38.

214 1776 351 1804 Aufidius
372 1775 418 1804 40.

214 1870 334 1898 Battara
354 1869 402 1898 14.

213 1918 363 1947 Bellienus
385 1918 433 1947 19.

213 1965 363 1994 Blandeno
385 1965 433 1994 35.

214 2054 393 2083 Calumniari
416 2054 464 2084 19.

214 2101 351 2131 Catonini
372 2119 410 2124 —-
432 2103 584 2132 Catoniani
605 2104 651 2132 14.

215 2150 341 2179 CATONIS
361 2151 576 2189 fraymentum
598 2154 783 2182 emendatur
804 2153 851 2182 44.

214 2199 309 2227 Causa
330 2208 493 2236 puerorum
515 2201 659 2230 vitiosum
678 2201 704 2230 7.

214 2246 349 2275 Celemus
372 2251 551 2285 corruptum
573 2258 589 2277 e
611 2249 702 2278 celem
724 2250 768 2278 vis
789 2248 836 2278 61.

215 2294 298 2323 Celer
320 2294 381 2323 Pili
402 2304 557 2332 aqnomen
578 2296 626 2325 64.

215 2342 325 2371 Censor
346 2345 374 2370 et
395 2343 493 2371 consol
516 2347 735 2381 permutantur
756 2345 803 2374 50.

214 2391 369 2419 Certamen
391 2400 458 2419 cum
481 2393 627 2421 sententia
647 2392 676 2421 3.

1119 862 1226 891 Civitas
1248 865 1276 890 et
1297 862 1400 891 levitas
1420 861 1550 898 confusa
1571 861 1618 890 43.

1119 911 1274 939 Coartatus
1296 910 1333 939 de
1355 910 1432 939 duce
1453 909 1501 939 52.

1119 958 1246 987 Coenare
1267 968 1334 987 cum
1355 959 1454 996 aliquo
1475 958 1515 986 34
1536 961 1566 986 et
1586 957 1635 987 59.

1120 1007 1293 1044 Comparare
1314 1007 1400 1036 ludos
1421 1010 1594 1045 suspectum
1615 1005 1664 1035 39.

1120 1055 1327 1083 Concionarius
1348 1054 1396 1083 33.

1120 1103 1292 1132 Coniunctio
1314 1104 1536 1132 consuetudinis
1557 1103 1586 1133 9.

1120 1151 1258 1180 Conscius
1281 1155 1309 1179 et
1328 1161 1446 1180 consors
1466 1154 1687 1189 permutantur
1707 1150 1755 1178 49..

1120 1199 1265 1236 Consequi
1286 1200 1318 1227 in
1339 1199 1451 1236 aliquid
1474 1200 1617 1228 vitiosum
1639 1197 1687 1228 34.

1119 1248 1309 1276 Contumacia
1327 1246 1375 1275 60.

1120 1296 1289 1324 Convicium
1311 1295 1414 1332 populi
1435 1299 1606 1334 suspectum
1628 1293 1675 1323 35.

1121 1344 1272 1380 Corripere
1293 1344 1538 1380 exspectationem
1560 1343 1607 1374 18.

1122 1393 1271 1420 Creterrae
1288 1400 1387 1429 prave
1410 1393 1613 1420 nominantur
1633 1391 1681 1421 13.

1122 1440 1194 1468 Cum
1216 1440 1384 1476 frequentia
1403 1440 1502 1468 reduci
1523 1439 1573 1470 41.

1121 1533 1262 1561 Decedere
1283 1532 1331 1562 51.

1119 1581 1223 1609 Dedita
1244 1590 1331 1618 opera
1352 1580 1399 1610 61.

1121 1629 1280 1658 Defendere
1301 1628 1349 1657 60.

1119 1678 1294 1714 Depugnare
1316 1677 1458 1706 vitiosum
1480 1677 1526 1706 19.

1119 1725 1301 1754 Deterrimus
1324 1728 1352 1753 et
1372 1727 1560 1754 taeterrimus
1583 1729 1711 1765 confusa
1735 1726 1781 1755 34.

1121 1773 1218 1801 Diaria.
1239 1776 1267 1801 et
1287 1773 1362 1801 dicta
1383 1777 1604 1811 permutantur
1624 1774 1673 1803 53.

1118 1821 1277 1857 Dionysius
1299 1820 1443 1849 Ciceronis
1464 1821 1590 1850 libertus
1611 1822 1659 1851 47.

1119 1869 1270 1897 Discedere
1291 1886 1329 1889 —
1351 1869 1494 1906 dispicere
1515 1869 1555 1898 44
1576 1880 1635 1907 seq.

1119 1917 1283 1946 Dissolvere
1304 1919 1372 1946 vota
1393 1917 1440 1946 61.

1118 1965 1231 1993 Doloris
1254 1965 1426 2002 magnitudo
1447 1965 1495 1994 47.

1119 2015 1230 2042 Ducere
1252 2014 1328 2041 diem
1349 2013 1395 2042 49.

1117 2104 1179 2142 Ego
1202 2108 1342 2134 mutatur
1362 2107 1396 2134 in
1418 2105 1483 2143 lego
1506 2105 1553 2134 21.

1116 2157 1245 2191 έκλογεῖον
1266 2152 1314 2182 11.

1118 2201 1223 2230 Eluvio
1245 2202 1292 2230 39.

1118 2249 1261 2277 Emittere
1280 2259 1336 2286 pro
1358 2251 1476 2279 mittere
1497 2251 1544 2279 44.

1117 2297 1266 2335 Enallaye
1287 2299 1422 2326 nominis
1444 2298 1462 2326 8
1483 2301 1513 2327 et
1533 2299 1579 2328 15.

1118 2346 1159 2374 Eo
1183 2362 1219 2367 ——
1238 2346 1317 2383 quod
1340 2356 1401 2375 non
1425 2348 1601 2376 Tullianum
1626 2358 1683 2385 pro
1704 2349 1768 2377 ideo
1792 2365 1827 2370 —
1851 2349 1930 2385 quod
1953 2347 1991 2375 24

1157 2396 1186 2422 et
1203 2393 1250 2423 54.

214 2438 325 2466 emmo
347 2438 385 2467 de
405 2438 461 2476 leq.
483 2439 651 2477 a9›·.11.55
671 2441 854 2469 emendatur
865 2440 894 2477 6,
907 2451 966 2479 pro
977 2441 1073 2471 Sestio
1118 2442 1213 2470 Etiam
1237 2445 1264 2470 et
1285 2442 1392 2470 civium
1411 2446 1634 2480 permutantur
1654 2443 1702 2473 43.

256 2484 295 2513 19
310 2486 430 2514 emend.
442 2486 482 2514 58
493 2496 563 2524 seq.,
576 2487 614 2516 de
626 2491 685 2526 opt.
697 2498 763 2526 qen.
777 2492 851 2517 orat.
863 2488 882 2517 6
894 2489 1012 2518 emend.
1026 2489 1072 2518 30.
1118 2490 1282 2517 Enun‘mss
1303 2489 1452 2518 laudatur
1473 2489 1520 2519 26.

1809 2543 1851 2573 16

214 2591 366 2612 LETTERK.
393 2591 489 2613 vrum.
516 2591 579 2613 nnn
607 2593 766 2615 Kommn..
791 2594 972 2616 AKADEMIE.
998 2595 1080 2616 DEEL
1105 2584 1203 2615 XIH.
