2163 3020
282 283 334 320 48
496 296 810 325 OBSERVATIONES
833 296 1011 326 (RITIGAE
1034 299 1085 327 AD
1110 299 1146 327 M.
1168 298 1300 327 TULLH
1323 297 1524 328 CICERONIS
1548 299 1763 330 EPISTOLAS.

288 404 500 439 praenomen
541 394 687 442 accepit,
735 395 848 431 Attici
877 408 1016 432 nomen.
1045 396 1237 433 Geminum
1262 397 1464 446 exemplum
1492 398 1645 446 prodidit
1672 398 1757 434 haec
1785 398 1966 448 inscriptio

287 462 382 486 anno
409 452 625 488 MDCCCLI
653 457 790 500 reperta
817 454 860 489 ad
890 454 982 490 viam
1008 455 1163 503 Appiam
1191 459 1225 491 et
1251 468 1273 491 a
1300 455 1492 502 Borghesio
1520 455 1717 492 illustrata:

589 511 628 546 L.
657 510 824 547 Valerius
854 512 903 548 M.
932 513 972 548 F.
1002 513 1083 549 Ouf.
1112 513 1240 560 Giddo,

590 570 631 606 L.
661 570 878 619 Calpurnius
905 572 955 608 M.
984 572 1178 620 L(ibertus)
1207 573 1402 621 Menophil.
1431 573 1656 610 Valerianus.

287 626 515 675 Menophilus
555 631 650 664 enim
679 629 740 665 ille
767 642 786 665 a
815 630 864 666 M.
893 629 1038 666 Valerio
1064 631 1304 667 manumissus
1332 635 1449 667 tamen
1476 644 1495 667 a
1523 632 1564 668 L.
1594 632 1788 681 Calpurnio
1814 634 1965 680 quodam

288 686 430 722 nomina
457 687 603 735 accepit.

336 744 401 780 IV.
433 747 489 792 15,
519 749 552 782 4.
580 748 627 782 A.
656 747 689 783 d.
719 748 793 783 III
817 748 909 784 Non.
941 749 1059 794 Quint.
1091 749 1246 796 Sufenas
1273 754 1302 785 et
1331 750 1416 786 Cato
1443 750 1602 787 absoluti.
1623 750 1853 787 scribendum
1867 751 1964 788 Ad.

287 802 382 839 IIII
416 804 522 849 Non„
566 817 635 840 non
677 805 791 841 solum
832 807 923 854 quod
962 808 998 843 in
1040 808 1187 844 Asconii
1214 813 1422 856 argumento
1449 809 1661 845 Scaurianae
1688 822 1718 857 p.
1750 810 1807 857 16,
1838 811 1882 845 17
1910 810 1963 846 ed.

286 861 506 909 Kiesslingii,
550 863 612 899 illo
653 864 708 900 die
747 865 783 899 in
824 866 966 913 optimis
1001 866 1102 902 libris
1131 866 1313 902 Sozomeni
1340 871 1375 903 et
1402 868 1692 916 Montepoliciani
1720 868 1897 904 indicatur
1922 869 1963 906 G.

287 919 375 955 Cato
402 920 509 957 fuisse
535 922 730 969 absolutus,
760 924 817 959 sed
846 925 953 960 etiam
981 926 1072 972 quod
1102 926 1231 962 ibidem
1258 939 1289 974 p.
1323 927 1379 973 17,
1410 928 1430 962 2
1457 938 1527 973 seq.
1556 927 1591 962 id
1618 927 1709 974 quod
1737 927 1869 962 factum
1884 939 1963 963 nar-

289 983 388 1014 ratur
408 980 532 1027 pride'e
559 981 684 1017 Nonas
714 982 834 1026 Quint.
863 983 994 1019 dicitur
1020 996 1095 1020 esse
1122 984 1255 1020 factum
1275 989 1357 1033 post
1383 985 1473 1020 diem
1500 986 1641 1021 tertium
1667 997 1772 1033 (sumn
1789 985 1873 1021 Cato
1890 989 1965 1021 erat

285 1037 471 1073 absolutus.
513 1039 606 1074 Nam
647 1040 731 1076 haec
759 1043 975 1089 computatio
1005 1043 1170 1090 temporis
1198 1043 1289 1079 falsa
1316 1048 1379 1086 est,
1408 1044 1437 1079 si
1466 1044 1553 1080 Cato
1581 1045 1764 1080 absolutus
1790 1048 1842 1080 est
1868 1057 1901 1081 (ι.
1929 1045 1961 1080 d.

289 1096 358 1131 [II
381 1097 487 1139 Non,
518 1098 699 1134 verissima
727 1100 755 1135 si
784 1113 817 1136 a.
845 1101 877 1136 d.
907 1101 1005 1137 IIII
1031 1102 1124 1137 Non.
1156 1102 1275 1147 Quint.
1304 1103 1396 1151 apud
1423 1103 1619 1139 Asconium
1638 1116 1682 1139 ex
1701 1104 1842 1151 optimis
1862 1104 1964 1139 libris

284 1156 434 1203 scriptis,
478 1157 514 1191 iu
554 1157 588 1192 h.
627 1158 649 1193 l.
691 1158 870 1195 Ciceronis
897 1173 915 1196 e
942 1161 1145 1197 coniectura
1172 1162 1382 1198 restituitur.
1410 1162 1452 1198 P.
1479 1162 1664 1198 Manutius
1690 1162 1724 1199 h.
1753 1162 1776 1198 l.
1806 1163 1875 1198 iam
1902 1163 1963 1198 ΙΙΙ

285 1214 321 1249 in
362 1214 417 1249 IV
456 1216 585 1251 mutari
624 1217 738 1264 iussit,
779 1219 836 1254 sed
865 1219 954 1255 falso
981 1224 1189 1267 argumento
1215 1221 1392 1263 inductus,
1421 1224 1461 1257 ut
1487 1221 1525 1256 in
1552 1221 1778 1256 adnotatione
1807 1222 1850 1257 ad
1877 1221 1964 1257 haec

287 1273 392 1308 verba
420 1274 648 1311 ostendimus.

334 1332 399 1368 IV.
431 1334 487 1379 15,
518 1335 550 1369 6.
580 1334 650 1370 Sed
677 1335 768 1370 nihil
794 1340 865 1371 tam
886 1338 1073 1385 pusillum,
1103 1338 1195 1373 nihil
1220 1342 1290 1374 tam
1316 1340 1392 1374 sine
1418 1351 1502 1385 voce,
1532 1339 1622 1374 nihil
1648 1342 1729 1375 tam..
1830 1339 1962 1375 Verum

280 1391 361 1427 haec
396 1396 432 1427 tu
469 1396 577 1428 tecam
603 1394 732 1432 habeto.
776 1395 874 1432 Bosii
899 1397 1163 1433 distinctionem
1190 1398 1282 1433 hanc
1316 1398 1504 1434 verborum
1533 1399 1728 1446 probarunt
1754 1399 1795 1434 B.
1824 1399 1871 1434 K.
1900 1399 1960 1434 W.

284 1451 360 1498 Ego
399 1464 494 1487 nunc
534 1465 672 1500 quoque
711 1455 830 1502 probo,
872 1468 985 1503 neque
1026 1469 1105 1492 cnm
1133 1457 1224 1493 Lud.
1255 1457 1416 1493 Schmidt
1443 1458 1481 1493 in
1508 1458 1639 1494 Philol.
1667 1458 1800 1494 XXVI
1826 1470 1859 1506 p.
1889 1459 1960 1494 270

283 1523 400 1545 rerum
436 1511 473 1546 in
507 1524 646 1547 servam
683 1515 905 1562 mutaverim,
943 1527 1057 1563 neque
1083 1528 1164 1552 cum
1191 1516 1457 1552 Hirschfeldero
1485 1520 1568 1552 ante
1597 1529 1714 1552 verum
1742 1516 1964 1553 intercidisse

282 1570 481 1616 putaverim
522 1571 688 1608 ieiunum.
731 1572 817 1608 Post
857 1573 948 1608 nihil
975 1577 1046 1609 tam
1073 1574 1243 1610 omissum
1271 1575 1429 1623 suspicor
1454 1576 1530 1611 sine
1555 1579 1641 1612 arte.
1668 1575 1858 1623 Antiphon
1883 1587 1961 1624 pro-

282 1627 475 1663 nunciabat
501 1629 551 1665 ita
578 1642 731 1677 prorsus,
761 1635 799 1666 ut
827 1632 987 1668 homines
1014 1633 1122 1680 vulgo
1149 1633 1355 1681 loquuntur,
1384 1634 1477 1681 quod
1504 1638 1579 1670 erat
1606 1635 1681 1670 sine
1695 1637 1780 1681 arte,
1796 1638 1836 1669 ut
1850 1634 1961 1678 Quin-

281 1685 428 1722 tilianus
454 1686 478 1723 1.
506 1687 530 1723 l.
559 1688 733 1725 observat.
776 1690 980 1726 Omiserunt
1008 1691 1072 1727 illa
1098 1691 1246 1739 librarii,
1285 1692 1406 1728 Cicero
1433 1692 1677 1742 adscripserat.
1718 1693 1790 1728 Gur
1816 1693 1961 1729 Atticus

280 1745 365 1780 haec
393 1757 509 1781 secum
536 1746 675 1794 habere,
705 1749 837 1784 nemini
867 1761 1011 1785 narrare
1039 1750 1208 1798 debuerit,
1238 1763 1309 1786 non
1336 1750 1458 1799 liquet.

332 1804 397 1839 IV.
428 1806 484 1850 16,
514 1806 547 1841 8.
588 1805 742 1842 Paullus
770 1808 805 1842 in
834 1808 943 1843 medio
970 1808 1050 1855 foro
1078 1809 1260 1844 basilicam
1289 1810 1359 1844 iam
1385 1822 1494 1858 paene
1520 1810 1628 1844 teoeuit
1655 1809 1775 1844 iisdem
1802 1810 1959 1857 antiquis

281 1863 460 1899 columnis.
490 1863 764 1912 Wesenberg-ius
792 1879 872 1901 vere
899 1872 1017 1903 monet
1044 1868 1177 1914 nidum,
1207 1880 1328 1903 navem
1355 1869 1435 1915 tezel,
1464 1868 1601 1903 domum
1629 1880 1766 1915 quoque
1792 1871 1826 1904 et
1837 1869 1959 1916 parie-

282 1926 346 1957 tem
376 1923 501 1958 vimine
527 1924 606 1970 texi,
635 1925 693 1960 sed
721 1925 902 1961 basilicam
929 1930 1039 1962 texere
1067 1927 1263 1972 (columnis)
1293 1940 1362 1963 non
1392 1940 1493 1976 posse
1520 1927 1599 1974 dici,
1638 1927 1799 1974 idemque
1826 1928 1959 1975 sprevit

283 1980 418 2016 Klotzii
446 1982 726 2019 emendationem
753 1989 919 2031 ereoeerat,
949 1986 1040 2032 quod
1070 1986 1111 2021 de
1139 1987 1286 2022 basilica
1313 1999 1383 2022 non
1412 1990 1526 2034 potest
1552 1986 1632 2021 dici.
1661 1985 1727 2022 Sed
1755 1998 1825 2021 non
1844 1986 1958 2034 magis

281 2039 407 2088 placet,
435 2040 525 2087 quod
553 2041 613 2076 ille
640 2044 795 2090 reposuit
822 2047 950 2079 texerat
978 2058 1014 2080 o:
1045 2049 1176 2081 tectum
1214 2046 1284 2081 iam
1319 2046 1528 2092 absolverat,
1557 2047 1739 2093 propterea
1765 2045 1857 2092 quod
1884 2057 1956 2081 non

281 2098 322 2133 de
350 2102 440 2133 tecto
467 2110 661 2134 sermonem
689 2112 763 2136 esse
791 2102 981 2138 ostendunt
1008 2115 1098 2150 quae
1125 2104 1304 2139 adduntur
1333 2104 1454 2139 iisdem
1479 2103 1635 2151 antiquis
1649 2103 1828 2138 columnis.
1855 2102 1955 2138 Libri

282 2156 382 2192 MSS.
424 2157 650 2192 consentiunt
689 2158 725 2193 in
766 2160 871 2195 verbo
907 2162 1039 2208 texerit,
1074 2162 1166 2208 quod
1194 2165 1231 2197 in
1259 2162 1351 2197 Med.
1380 2165 1556 2197 mutatum
1583 2164 1635 2197 est
1662 2161 1699 2196 in
1726 2161 1819 2197 texit.
1859 2160 1955 2196 Illud

280 2215 444 2251 mendose
483 2216 651 2263 scriptum
686 2222 770 2264 puto
810 2231 871 2266 pro
913 2219 1044 2266 refecit.
1085 2220 1178 2256 Nam
1219 2221 1310 2268 quod
1339 2221 1498 2268 sequitur
1525 2220 1625 2267 facit,
1653 2220 1687 2256 h.
1717 2220 1740 2256 l.
1767 2232 1849 2268 prae
1875 2219 1959 2255 aliis

281 2273 408 2319 verbis,
436 2285 524 2320 quae
552 2275 746 2310 sententiae
773 2281 856 2324 apta
884 2282 979 2325 sunt,
1009 2278 1130 2325 refecit
1158 2280 1388 2315 commendat.

329 2331 373 2366 V.
406 2333 462 2377 11,
492 2333 524 2367 2.
560 2332 752 2368 Marcellus
779 2335 876 2381 foede
912 2336 952 2371 <Ie
981 2336 1141 2372 Comensi
1166 2350 1212 2373 an
1242 2339 1278 2372 ln
1308 2337 1467 2373 Comensi
1493 2337 1668 2373 scribatur
1693 2336 1736 2372 ad
1764 2348 1835 2371 rem
1863 2335 1955 2371 nihil

278 2389 393 2424 ref-ert.
422 2389 621 2437 Utrumque
648 2391 794 2428 debetur
820 2394 1051 2441 coniecturae,
1081 2408 1188 2442 quum
1216 2396 1299 2431 libri
1319 2395 1441 2444 scripti
1457 2395 1659 2443 conspirent
1681 2395 1718 2430 in
1736 2393 1952 2441 corruptela:

279 2447 331 2483 M.
359 2447 500 2483 sedendi
525 2461 642 2486 comes.
679 2450 766 2487 Inde
794 2456 910 2488 tamen
946 2453 1084 2489 facilius
1111 2466 1212 2490 eruas
1241 2454 1318 2501 fede
1344 2454 1394 2501 de,
1424 2467 1529 2502 quam
1555 2454 1633 2501 fede
1662 2455 1708 2489 in.
1749 2452 1958 2499 Aliquando

279 2505 357 2551 fede
396 2518 457 2554 pro
492 2506 590 2553 foede
628 2508 735 2544 fuisse
763 2510 931 2558 scriptum
961 2515 1110 2547 testatur
1137 2512 1232 2548 Beda
1259 2513 1301 2548 de
1328 2512 1577 2560 orthographia
1622 2511 1754 2558 „fedzcs,
1783 2511 1873 2558 quod
1901 2513 1960 2545 est.

277 2563 444 2600 deformis
484 2578 544 2614 per
583 2579 599 2601 e
639 2572 790 2615 tantum,
819 2569 952 2617 foedus,
981 2570 1072 2617 quod
1100 2575 1153 2606 est
1180 2575 1320 2619 pactum
1349 2583 1410 2619 per
1436 2582 1473 2606 oe
1497 2568 1700 2605 scribitur.⁷'
1738 2568 1851 2605 Paulo
1876 2570 1959 2617 post
