2163 3020
469 268 781 298 OBSERVATIONES
804 269 978 298 CRITICAE
1003 270 1053 298 AD
1077 271 1114 299 M.
1136 270 1266 298 TULLII
1289 270 1486 299 CICERONIS
1509 271 1721 301 EPIS'I'OLAS.
1877 263 1924 297 59

266 369 327 404 ubi
354 368 428 403 cod.
457 367 588 403 Erfurt.
616 367 747 402 omittit
777 369 831 403 cia
859 371 892 402 et
918 380 1006 414 quae
1033 368 1074 403 de
1101 368 1165 403 hac
1192 369 1378 403 omissione
1404 369 1522 404 monui
1550 369 1591 404 ad
1619 371 1694 406 Att.
1723 370 1791 406 IX.
1821 371 1853 416 6,
1878 371 1929 412 1).

267 426 366 470 Quod
393 438 474 461 vero
502 425 590 460 idem
617 437 678 472 pro
704 427 797 461 mira
824 426 932 460 luvies
958 426 1119 473 probavit
1148 426 1283 461 facilem
1311 439 1394 461 sane
1421 427 1460 462 P.
1489 427 1636 462 Victorii
1676 428 1925 463 correctionem

266 486 358 519 mira
385 485 531 519 alluvies
558 496 628 519 non
656 484 773 532 probo.
801 485 955 532 Requiro
981 497 1108 520 nomen
1136 485 1226 532 quod
1255 485 1388 520 indicat
1415 486 1678 521 inundationem
1693 487 1806 521 amnis
1821 498 1925 534 super

264 545 359 591 ripas
386 543 496 590 effusi,
523 547 557 578 et
583 555 691 589 quum
720 543 854 578 videam
881 556 902 578 a
929 544 1095 580 Cicerone
1122 543 1238 578 vocari
1265 544 1451 578 elui-ionem
1479 543 1520 577 de
1547 543 1614 578 Off.
1631 543 1679 579 ΙΙ.
1704 545 1759 587 16,
1779 544 1820 579 de
1834 544 1922 591 Rep.

266 602 331 637 VI.
374 603 432 647 23,
465 601 498 636 h.
528 601 551 637 l.
579 601 800 636 scribendum
828 613 970 637 censeo:
999 602 1130 638 Romae
1155 605 1185 637 et
1211 603 1359 636 maxime
1388 603 1421 636 in
1450 603 1571 648 Appia
1597 602 1644 636 (nl
1671 602 1802 637 Martis
1829 603 1923 636 mira

262 660 375 695 elusio
401 663 458 695 est.

316 719 384 754 III.
417 719 449 764 8,
479 720 511 753 4.
567 717 679 762 Quam
705 731 739 753 se
767 719 838 766 ipse
865 730 987 753 amans
1013 720 1087 754 sine
1113 719 1231 754 νῖναῖῖ.
1260 718 1374 761 Quum
1395 718 1565 753 Horatius
1580 718 1617 752 in
1632 718 1696 765 Ep.
1713 718 1754 752 ad
1774 718 1920 753 Pisones

264 777 445 812 scriberet:
476 776 570 820 Quin
595 776 670 810 sine
697 776 805 811 rivali
830 779 925 823 teque
951 780 980 811 et
1005 780 1064 811 tua
1092 777 1184 812 solus
1209 788 1346 811 amares
1372 776 1455 810 haec
1475 776 1590 823 potius
1604 776 1709 810 verba
1728 776 1921 822 respexisse

266 835 414 881 videtur,
440 847 545 881 quam
572 834 663 881 quod
690 834 820 881 legitur
845 835 887 870 ad
915 836 992 870 Att.
1020 835 1087 871 VI.
1116 837 1148 881 3,
1178 837 1198 870 7
1226 835 1338 870 licebit
1365 847 1438 869 eum
1461 835 1554 869 solus
1567 847 1669 879 ames,
1685 847 1735 869 me
1748 834 1922 869 aemulum

264 907 330 929 non
359 893 506 939 habebis,
534 905 636 939 quem
662 892 776 927 locum
804 896 925 940 poetae
952 893 1014 928 illa
1042 894 1209 928 scribenti
1236 893 1273 928 in
1300 897 1416 928 mente
1443 892 1549 927 fuisse
1564 893 1709 939 putabat
1720 892 1922 928 Peerlkam-

262 953 342 1000 pius
368 964 401 999 p.
431 952 497 986 161
528 950 690 985 editionis
716 963 810 988 suae.

314 1010 385 1045 III.
415 1010 447 1054 8,
478 1011 509 1043 6.
563 1009 669 1044 Nunc
702 1008 742 1043 (Ie
776 1009 920 1044 Milone.
952 1009 1140 1056 Pompeius
1172 1010 1203 1043 ei
1238 1009 1328 1044 mhi(
1354 1008 1477 1043 tribuit
1503 1012 1532 1042 et
1558 1009 1673 1043 omnia
1704 1008 1829 1043 Guttae
1855 1012 1919 1043 cet.

264 1069 433 1104 Libenter
459 1068 502 1102 (lo
529 1067 782 1113 VVeseubergio
809 1070 838 1101 et
866 1067 1050 1102 delendum
1078 1079 1162 1112 esse,
1191 1067 1249 1102 sed
1276 1068 1382 1102 miror
1411 1067 1553 1102 Guttam
1581 1067 1713 1101 nemini
1739 1067 1845 1101 fuisse
1871 1066 1912 1101 of·

262 1126 424 1161 fensioni.
453 1125 583 1171 Agitur
605 1124 646 1159 de
672 1124 790 1159 futura
819 1124 1021 1159 consulatus
1048 1125 1226 1172 petitione.
1254 1125 1438 1171 Nusquam
1465 1125 1612 1170 legimus
1640 1125 1791 1170 aliquem
1831 1124 1920 1159 Gut-

262 1188 334 1220 tam
361 1184 468 1219 fuisse
495 1187 688 1230 praetorem
715 1187 748 1217 et
775 1183 816 1217 de
843 1182 1028 1217 consulatu
1055 1183 1201 1229 petendo
1229 1183 1409 1228 cogitasse.
1440 1184 1488 1217 At
1516 1183 1643 1217 scimus
1669 1182 1814 1217 Milonis
1828 1194 1919 1216 com-

261 1243 425 1290 petitores
465 1241 572 1276 fuisse
606 1241 647 1276 P.
684 1241 865 1276 Plautium
903 1241 1108 1288 Hypsaeum
1144 1246 1178 1276 et
1210 1241 1252 1285 Q.
1281 1241 1470 1277 Caecilium
1500 1241 1681 1275 Metellum
1709 1240 1917 1287 Scipionem,

262 1302 400 1348 utrique
435 1304 552 1335 autem
587 1312 719 1334 summe
747 1300 921 1334 studuisse
948 1300 1165 1347 Pompeium.
1194 1300 1325 1335 Narrat
1352 1301 1528 1335 Asconius
1556 1300 1592 1334 in
1619 1303 1824 1345 argumento
1851 1299 1920 1334 Mi-

260 1360 424 1395 lonianae
457 1371 490 1405 p.
528 1360 586 1404 26,
625 1359 644 1393 9
671 1358 722 1393 ed.
753 1358 897 1404 Kiessl.,
926 1358 1052 1393 iterum
1079 1358 1121 1393 de
1147 1358 1313 1406 Hypsaeo
1340 1371 1373 1405 p.
1404 1359 1461 1403 31,
1490 1360 1522 1392 5.
1550 1358 1674 1404 Itaque
1701 1357 1918 1403 suspicamur

264 1419 390 1454 Guftae
414 1429 542 1453 nomen
567 1417 623 1451 hic
650 1416 766 1451 locum
792 1417 910 1452 cedere
936 1417 1059 1452 debere
1086 1417 1259 1464 Hypsaeo.
1288 1417 1390 1452 Nihil
1416 1429 1501 1464 opus
1529 1420 1613 1462 erat,
1641 1422 1680 1451 ut
1695 1415 1828 1451 Metelli
1846 1415 1919 1450 Sci-

261 1477 376 1524 pionis
403 1475 507 1511 simul
534 1475 664 1510 mentio
690 1475 797 1521 fieret,
826 1474 915 1521 quod
943 1478 977 1509 et
1002 1487 1063 1521 per
1091 1475 1621 1522 seintelligebaturPompeium
1636 1474 1717 1509 huic
1732 1473 1917 1520 suffragari

261 1547 376 1570 socero
404 1546 465 1569 suo
492 1537 526 1569 et
554 1533 610 1568 hic
638 1545 709 1568 non
735 1533 974 1580 opponebatur
999 1533 1137 1568 Miloni.

314 1594 384 1629 III.
414 1595 446 1639 9,
475 1594 507 1628 2.
563 1592 633 1636 Qui
668 1596 727 1634 (sc.
759 1591 859 1635 Milo)
888 1591 986 1626 ludos
1011 1591 1090 1627 HS.
1124 1593 1230 1627 CCC)
1262 1594 1442 1638 comparet.
1469 1591 1616 1626 Numeri
1643 1591 1795 1637 corrupti
1822 1596 1915 1627 sunt.

262 1652 354 1687 Vide
381 1664 425 1686 ne
451 1651 585 1698 aliquot
610 1654 713 1686 notae
739 1649 873 1685 lateant
900 1650 937 1684 iu
962 1650 1075 1697 prima
1103 1650 1239 1697 syllaba
1264 1649 1361 1684 verbi
1388 1652 1569 1696 comparet.
1597 1649 1687 1683 Nam
1703 1649 1767 1683 etsi
1782 1653 1917 1696 praeter

259 1714 389 1758 poetas,
427 1721 513 1757 quos
547 1709 668 1744 laudat
702 1708 894 1743 Salmasius
934 1708 976 1742 ad
1017 1707 1208 1755 Capitolini
1235 1707 1366 1742 Verum
1394 1719 1427 1754 p.
1458 1708 1514 1752 38,
1547 1707 1604 1752 26,
1633 1706 1753 1741 Cicero
1779 1718 1915 1752 quoque

260 1768 399 1815 scripsit
439 1768 634 1802 convivium
672 1778 876 1813 comparare
910 1778 971 1814 pro
1011 1778 1144 1813 parare,
1185 1766 1367 1811 instruere,
1395 1769 1512 1799 tamen
1539 1765 1580 1799 de
1607 1764 1698 1798 ludis
1719 1776 1855 1811 parare
1880 1768 1915 1799 et

259 1839 437 1874 apparare
463 1826 591 1861 usitata
618 1825 725 1860 fuisse
751 1825 924 1860 videntur.
965 1825 1043 1859 Hoc
1069 1825 1197 1870 legitur
1222 1825 1260 1859 in
1287 1837 1340 1871 ep.
1369 1825 1401 1869 8,
1432 1825 1451 1858 6
1478 1823 1576 1858 ludos
1602 1826 1754 1870 apparat
1780 1824 1915 1870 mayni-

257 1885 506 1932 ficentlssz'mos,
546 1884 682 1931 ipsique
720 1883 794 1918 ludi
820 1883 901 1918 inde
927 1883 1148 1930 appellantur
1175 1883 1441 1930 apparatissimi
1467 1882 1564 1917 Fam.
1592 1881 1678 1916 VII.
1709 1883 1740 1926 1,
1770 1882 1810 1928 23
1832 1882 1914 1916 sim-

256 1943 340 1991 plex
373 1955 509 1990 parare
532 1942 631 1977 ludos
657 1941 816 1989 exemplo
844 1941 1021 1977 Ciceronis
1048 1941 1185 1976 munire
1212 1953 1282 1975 non
1309 1953 1460 1988 possum,
1489 1940 1546 1975 sed
1574 1951 1645 1974 non
1671 1939 1774 1985 longe
1801 1940 1915 1974 diver-

258 2013 335 2037 sum
363 2002 453 2048 quod
482 2001 622 2037 Caelius
650 2000 789 2048 scripsit
815 2000 858 2035 ad
883 2000 982 2035 Fam.
1009 1999 1115 2034 VIII.
1148 2001 1192 2034 14
1220 2002 1308 2035 extr.
1336 1999 1563 2046 spectaculum
1585 1998 1751 2046 parabat.
