2163 3020
452 284 760 314 OBSERVATIONES
786 283 963 313 CRITICAE
986 283 1038 311 AD
1062 283 1098 311 M.
1122 282 1251 311 TULLII
1276 282 1473 311 CICERONIS
1496 282 1708 311 EPISTOLAS.
1871 275 1918 309 29

250 383 350 419 Fam.
390 382 458 417 IX.
498 383 529 428 6,
566 383 599 417 4.
639 382 723 427 Leg.
761 381 832 417 III.
869 382 925 426 14,
961 380 1026 415 1100
1062 391 1131 414 11110
1168 380 1205 414 111
1233 379 1336 414 fallor
1363 379 1438 414 loco
1466 379 1502 414 in
1530 379 1604 414 eius
1632 379 1770 427 scriptis
1799 380 1913 427 prodit

246 452 460 489 permaynus
486 440 593 476 homo.
623 440 688 475 Sed
715 439 874 474 dubitare
901 439 982 474 licet
1009 451 1054 473 an
1082 439 1130 473 ita
1158 438 1345 485 scripserit,
1379 450 1486 484 quum
1516 438 1549 472 id
1578 438 1667 484 quod
1694 437 1800 473 vellet
1827 438 1912 473 satis

253 512 313 547 per
340 499 488 546 simplex
517 499 635 545 mayni
672 497 822 532 hominis
848 497 1031 532 enuntiare
1055 500 1181 543 posset.
1222 496 1266 530 In
1294 495 1386 531 Med.
1414 496 1581 543 scriptum
1610 500 1676 530 est:
1705 508 1811 543 quare
1837 508 1913 531 cum

247 557 435 604 permaqm'
468 556 618 590 hominis
653 559 710 590 est.
749 555 955 590 Schuetzius
991 566 1066 589 cum
1103 554 1242 600 delevit,
1282 565 1429 599 eumque
1455 554 1612 600 sequitur
1638 554 1734 589 Wes.
1774 554 1849 600 Ego
1875 554 1912 589 in

252 626 329 649 cum
351 626 418 661 per
444 614 552 649 latere
579 613 736 661 suspicor
762 625 903 660 semper,
933 616 966 647 et
993 611 1233 647 scribendum:
1262 623 1368 658 quare
1393 623 1523 658 semper
1550 612 1668 658 mayni
1693 611 1842 646 hominis
1855 615 1913 654 est,

255 677 320 708 cet.
348 673 478 708 Eodem
506 672 608 707 modo
635 675 815 719 peccatum
842 674 894 706 est
920 671 957 705 in
985 683 1033 706 or.
1061 683 1094 718 p.
1123 670 1210 705 Sest.
1242 671 1323 716 107,
1352 670 1411 704 ubi
1439 682 1545 716 quum
1563 670 1658 705 codd.
1678 670 1778 705 dent:
1796 671 1916 705 Huius

254 732 366 766 oratio
392 734 421 765 et
442 731 629 777 μεν-9111115
655 733 685 764 et
708 733 812 776 gyrata
841 751 887 754 —
916 729 987 775 fait
1012 729 1127 764 Maur.
1156 728 1347 776 Seyffertus
1375 728 1462 763 bene
1489 728 1789 763 correxit2Hm'us
1803 730 1914 764 oratio

253 793 291 824 ut
318 801 448 836 Semper
471 789 594 835 qraris·
620 791 649 822 et
673 791 776 835 qrata
815 808 848 813 -
877 787 958 833 fuit.

303 847 333 882 I.
363 848 395 893 1,
424 848 482 881 44.
522 846 567 881 In
595 858 659 893 quo
684 845 869 880 cac-endum
897 848 954 891 est,
981 857 1030 890 ne,
1047 845 1078 879 si
1093 844 1319 891 negliyente'or
1334 843 1459 889 fueris,
1480 843 1680 890 tihe'parnm
1697 843 1914 890 consuluisse,

252 905 312 941 Sed
337 905 439 940 etiam
464 905 534 939 tuis
563 904 727 939 incidisse
752 903 916 938 videaris.
944 903 1009 937 Est
1035 902 1092 936 1110
1119 902 1216 936 100115
1243 913 1334 936 1111115
1349 913 1366 936 0
1381 901 1513 946 multis,
1533 901 1569 936 in
1588 902 1714 947 quibus
1728 913 1798 936 non
1818 913 1915 948 prae-

252 963 395 998 cedente
422 974 489 996 11οη
515 962 624 996 solum
650 964 711 995 aut
739 972 804 995 non
832 959 928 994 modo
956 959 1114 1006 seqnitur
1140 958 1198 993 sed
1224 959 1337 993 etiam.
1365 958 1472 993 Multi
1499 959 1647 993 editores
1674 959 1715 993 de
1742 971 1802 993 suo
1824 958 1914 1005 quod

254 1021 370 1055 deesse
397 1020 569 1067 putabant
603 1019 805 1054 adiecerunt
840 1022 873 1052 et
899 1017 934 1052 h.
963 1017 986 1052 l.
1015 1016 1290 1062 Wesenbergius
1318 1017 1410 1050 inter
1437 1028 1501 1050 non
1530 1016 1639 1050 solum
1665 1020 1698 1051 et
1725 1028 1791 1050 non
1819 1016 1915 1051 modo

253 1079 410 1114 fluctuat.
450 1078 508 1113 Ab
545 1078 588 1112 iis
623 1081 657 1112 et
697 1077 780 1111 olim
821 1076 1080 1121 dissentiebam,
1110 1087 1217 1121 quum
1245 1075 1402 1109 codicum
1430 1075 1639 1121 scripturam
1667 1074 1710 1108 ad
1738 1075 1814 1109 Att.
1841 1074 1913 1110 IH.

255 1138 312 1183 15,
340 1138 359 1171 5
388 1140 513 1181 tuerer,
542 1135 602 1170 ubi
629 1135 722 1169 vidd.
751 1146 839 1180 quae
865 1133 1042 1178 adnotavi,
1071 1137 1105 1167 et
1132 1144 1227 1167 nunc
1263 1132 1442 1177 dissentio,
1470 1132 1687 1177 libenterque
1713 1131 1785 1165 vidi
1812 1131 1913 1167 Fred.

253 1195 496 1230 Hofmannum
524 1194 561 1229 in
588 1193 758 1240 Epistolis
785 1192 922 1227 selectis
949 1203 1085 1226 mecum
1110 1190 1306 1225 facientem.
1335 1190 1377 1225 ef.
1405 1202 1439 1237 p.
1469 1191 1513 1224 73
1543 1190 1704 1224 editionis
1732 1190 1864 1225 tertiae.

303 1253 334 1288 I.
364 1254 394 1299 1,
424 1254 482 1288 45.
512 1251 580 1287 Sed
606 1263 657 1285 me
684 1250 849 1298 quaedam
876 1252 961 1284 tenet
981 1252 1128 1296 propfer
1154 1248 1368 1295 se'nqzdarem
1394 1260 1543 1282 amorem
1574 1247 1712 1294 infinita
1742 1248 1778 1282 in
1796 1251 1826 1282 te
1843 1248 1917 1282 avi-

250 1312 346 1347 ditas
369 1311 513 1358 [floriac.
543 1309 663 1345 Cicero
690 1309 841 1344 affirmat
868 1307 985 1342 fratris
1012 1307 1159 1353 gloriam
1187 1307 1253 1341 sibi
1281 1318 1354 1341 esse
1381 1306 1608 1351 carissimam,
1637 1305 1727 1340 nihil
1754 1306 1864 1351 magis
1879 1317 1915 1340 se

255 1381 379 1416 cupere
406 1381 511 1415 quam
538 1380 558 1403 a
584 1368 690 1403 fratre
717 1379 761 1402 ex
787 1367 875 1401 Asia
903 1366 1049 1411 gloriam
1078 1365 1262 1412 deportari.
1297 1365 1363 1399 Sed
1391 1365 1496 1399 verba
1522 1364 1586 1399 hoc
1614 1376 1683 1399 non
1711 1364 1795 1399 satis
1824 1364 1916 1399 clare

254 1427 422 1462 indicant.
452 1425 552 1471 Sunt,
581 1425 640 1472 qui
671 1425 704 1458 ῖη
732 1427 762 1458 z‘e
788 1423 1083 1470 interpretantur:
1112 1423 1149 1457 in
1177 1434 1227 1469 eo,
1254 1422 1345 1468 quod
1372 1422 1414 1456 ad
1442 1425 1475 1456 te
1501 1421 1639 1467 attinet,
1667 1421 1703 1455 in
1718 1421 1787 1455 tuis
1801 1421 1915 1467 rebus,

253 1486 313 1521 sed
347 1484 446 1520 nullo
482 1483 641 1531 exemplo
676 1483 771 1518 hunc
797 1495 898 1517 usum
928 1482 1120 1516 illustrant.
1162 1481 1287 1516 Ursini
1315 1480 1585 1527 transpositione
1611 1480 1795 1514 verborum
1824 1480 1859 1513 in
1886 1482 1916 1514 te

252 1548 335 1580 ante
362 1555 513 1578 (onorem
539 1542 713 1578 sententia
739 1541 830 1576 nihil
857 1541 1008 1575 iuvatur.
1037 1540 1206 1586 Moserus,
1235 1540 1272 1574 in
1300 1538 1420 1586 Symb.
1449 1539 1524 1573 crit.
1553 1538 1595 1573 ad
1624 1538 1733 1573 Cicer.
1749 1549 1838 1585 spec.
1856 1537 1912 1572 IV

254 1616 287 1651 p.
317 1604 361 1638 13
401 1602 602 1637 dubitanter
637 1600 802 1635 coniecit:
824 1602 970 1647 propter
996 1599 1210 1646 sinynlarem
1236 1598 1289 1631 tm·
1315 1609 1464 1631 amorem
1494 1596 1630 1642 infinita
1658 1599 1736 1630 tuae
1761 1595 1913 1630 aviditas

251 1661 409 1709 9Z07·iae,·
447 1672 510 1706 ego
548 1660 583 1694 in
620 1662 649 1694 te
675 1671 718 1693 ex
746 1658 895 1705 quadam
922 1657 1127 1705 repetitione
1153 1657 1351 1691 litterarum
1378 1654 1658 1702 praecedentium
1685 1655 1759 1688 nita
1786 1657 1911 1700 ortum,

254 1719 372 1766 itaque
400 1718 592 1753 tollendum
619 1720 714 1764 puto,
743 1719 777 1750 et
803 1719 880 1763 post
904 1716 1038 1763 {stoi-iae
1064 1715 1151 1750 addo
1178 1718 1266 1749 tuae.
1295 1714 1351 1748 Sic
1376 1713 1461 1748 haec
1487 1713 1552 1747 erit
1579 1712 1769 1747 sententiae
1782 1711 1911 1747 forma:

251 1777 323 1813 Sed
348 1789 400 1811 me
426 1775 593 1823 quaedam
619 1777 703 1809 tenet
727 1787 762 1821 p.
791 1785 818 1809 8.
846 1786 878 1808 a.
909 1773 1047 1819 infinita
1073 1773 1229 1807 ariditas
1255 1772 1388 1819 ylorz'ae
1414 1774 1501 1805 tuae.

305 1835 335 1870 I.
365 1836 396 1880 1,
435 1835 492 1868 46.
532 1833 652 1868 Cicero
687 1831 786 1866 fratri
825 1831 1054 1876 commendat,
1083 1834 1122 1865 ut
1148 1831 1197 1865 ita
1225 1842 1262 1864 se
1288 1833 1395 1875 gerat,
1427 1832 1461 1863 ut
1487 1829 1608 1862 fermus
1634 1839 1747 1862 annus
1775 1828 1915 1875 imperii

253 1893 313 1927 31ιί
351 1895 515 1938 tanquam
555 1890 678 1924 tertius
719 1891 815 1923 actus
839 1888 1115 1936 perfectissimus
1141 1891 1242 1934 atque
1260 1887 1502 1921 ornatissinms
1527 1886 1637 1931 fnisse
1662 1885 1830 1920 rideatur.
1869 1885 1914 1920 In

254 1949 310 1985 his
337 1949 459 1984 tertius
485 1951 581 1982 actus
607 1959 678 1982 non
704 1959 724 1981 a
751 1946 917 1981 Cicerone
944 1946 1116 1993 profectus
1144 1946 1292 1991 videtur,
1320 1948 1354 1979 et
1381 1944 1613 1991 superlativus
1633 1943 1911 1990 perfectissimas

254 2007 345 2043 male
371 2007 403 2042 ei
429 2019 449 2041 a
476 2005 656 2041 nonnullis
684 2005 840 2051 eripitur.
890 2005 1046 2039 Tertium
1073 2006 1187 2038 (cctam
1214 2003 1368 2038 defendit
1393 2002 1550 2047 Langius
1577 2001 1615 2035 in
1640 2001 1815 2036 Vindiciis
1842 2004 1911 2036 tra-

248 2065 395 2111 goediae
421 2075 594 2098 romanae.
622 2063 704 2098 Vid.
732 2064 777 2097 A.
807 2062 850 2097 G.
878 2062 1028 2108 Lange's
1056 2062 1175 2096 Verm.
1205 2061 1371 2096 schriften
1398 2073 1430 2107 p.
1460 2061 1504 2094 87
1532 2071 1582 2105 sq.
1615 2059 1680 2094 Sed
1707 2063 1747 2094 ut
1772 2059 1802 2094 ei
1829 2071 1910 2094 con-

251 2122 373 2157 cedam
398 2121 539 2156 Horatii
563 2123 784 2168 praeceptum
809 2120 846 2154 in
873 2131 924 2166 ep.
952 2119 995 2153 ad
1022 2119 1168 2154 Pisones
1195 2131 1228 2153 V.
1260 2119 1328 2152 189
1357 2118 1450 2153 Neve
1476 2118 1600 2163 minor,
1629 2129 1692 2151 nea
1718 2117 1763 2151 sit
1789 2118 1908 2163 quinto

247 2180 454 2228 ,productior
488 2182 566 2214 actu
605 2178 738 2225 fabula,
777 2190 849 2213 non
885 2178 929 2212 ab
968 2178 1130 2212 omnibus
1169 2189 1304 2224 semper
1338 2176 1560 2211 observatum
1586 2186 1670 2221 esse,
1698 2178 1815 2209 tamen
1841 2175 1909 2210 loci

252 2238 429 2274 sententia
455 2237 600 2283 flagitat,
630 2240 668 2271 ut
695 2237 818 2271 tertius
845 2248 958 2270 annus
986 2236 1134 2283 imperii,
1159 2235 1220 2282 qui
1238 2238 1414 2270 extremus
1432 2234 1570 2269 futurus
1589 2236 1672 2278 erat,
1692 2236 1909 2279 comparetur

254 2307 334 2330 cum
372 2299 526 2329 extremo
565 2298 645 2329 actu
679 2294 830 2340 fabulae,
866 2305 938 2328 non
975 2306 1055 2329 cum
1081 2294 1193 2339 tertio,
1221 2293 1281 2340 qui
1307 2304 1384 2327 raro
1410 2291 1595 2327 admodum
1621 2294 1694 2325 erat
1720 2293 1907 2328 extremus

253 2353 379 2400 Itaque
404 2365 524 2387 verum
550 2353 678 2387 vidisse
704 2353 877 2398 videntur,
905 2352 1033 2398 quibus
1060 2355 1229 2386 extremus
1253 2354 1349 2385 actas
1374 2350 1409 2386 11.
1436 2349 1460 2385 1.
1488 2349 1701 2384 necessarius
1729 2348 1824 2383 visus
1842 2351 1905 2395 est,

253 2412 292 2447 in
328 2411 453 2458 quibus
492 2410 633 2445 invenio
673 2410 955 2457 Peerlkampium
994 2422 1130 2456 quoque
1169 2409 1286 2444 fuisse.
1314 2407 1396 2443 Vid.
1425 2418 1512 2453 quae
1538 2405 1675 2441 notavit
1700 2405 1743 2440 ad
1769 2406 1834 2452 Ep.
1862 2406 1905 2441 ad

251 2470 325 2506 Pis.
352 2483 386 2517 p.
415 2471 473 2505 81.
501 2469 612 2514 Pergo
638 2468 682 2503 ad
707 2468 867 2503 alterum.
895 2468 1092 2514 Adiectiva,
1120 2467 1314 2514 partieipia,
1342 2465 1518 2511 adverbia,
1545 2464 1672 2510 quibus
1692 2476 1760 2511 per
1785 2464 1908 2510 praefi-

251 2540 339 2563 xum
365 2531 427 2573 est,
455 2538 526 2562 non
553 2538 652 2574 posse
678 2526 827 2573 recipere
853 2525 1147 2572 comparationem
1173 2536 1237 2559 1100
1263 2522 1469 2570 superlativi
1497 2521 1607 2556 forma
1633 2521 1746 2556 efferri
1773 2521 1810 2555 in
1829 2521 1909 2556 uni-
