2163 3020
250 230 273 264 4
468 238 777 269 OBSERVATIONES
798 239 974 269 CRITICAE
998 240 1048 268 AD
1071 241 1108 269 M.
1132 238 1263 269 TULLII
1284 239 1484 269 CICERONIS
1506 239 1718 269 EPISTOLAS.

302 337 332 374 I.
360 338 393 385 7,
424 338 480 374 10.
537 336 674 384 Omnia,
702 349 788 385 quae
815 350 856 374 ne
875 350 943 387 per
964 337 1137 387 populum
1166 338 1303 386 quidem
1329 338 1404 373 sine
1429 338 1595 374 seditione
1620 350 1655 374 se
1681 340 1817 387 assequi
1829 339 1928 375 arbi-

251 396 448 442 trahantur,
483 408 552 444 per
591 399 747 432 senatum
774 398 944 434 consecuti
969 401 1060 434 sunt.
1114 397 1170 434 Sic
1198 410 1293 433 nunc
1321 397 1436 433 editur
1462 409 1480 433 e
1507 397 1580 433 cod.
1609 397 1702 433 Med.
1730 397 1923 446 Victorius,

251 454 458 502 Lambinus,
497 454 559 490 alii
600 455 836 504 seripserunt:
876 469 910 492 se
950 457 1086 505 assequi
1112 468 1216 505 posse.
1241 455 1520 492 arbitrabantur.
1574 456 1664 492 Cum
1692 456 1840 493 Ernesto
1866 469 1925 493 ve-

250 525 327 549 rum
367 519 452 562 puto
491 525 526 549 se
545 525 648 562 posse
673 515 810 563 assequi
835 515 911 552 arb.
964 516 1074 564 Saepe
1094 528 1196 564 posse
1223 528 1304 552 cum
1331 515 1508 551 infinitivo
1535 515 1730 564 praesentis
1757 515 1923 564 temporis

250 572 393 620 ponitur
431 584 494 620 pro
534 572 664 608 futuro.
708 573 752 609 ef.
794 574 893 610 Fam.
921 574 972 622 ΙΙ,
1002 576 1034 621 6,
1064 576 1085 610 5
1127 587 1200 610 eam
1227 575 1333 609 unius
1360 577 1418 610 tuo
1447 573 1562 610 studio
1587 586 1640 609 me
1665 575 1802 622 assequi
1820 586 1923 622 posse
1960 574 1961 577 ’

245 632 389 679 confido.
430 645 463 681 p.
505 632 608 668 Rosc.
649 634 731 669 Am.
774 635 794 669 6
834 646 904 670 sese
943 656 989 660 —
1031 645 1096 670 non
1136 634 1336 670 arbitratur
1374 634 1480 669 lucius
1529 634 1717 669 innocentis
1748 634 1923 681 patrimo-

250 692 347 726 nium
376 713 422 717 —-
445 703 547 740 posse
573 691 735 727 obtinere.

297 749 326 786 Ι.
355 750 389 797 8,
419 751 451 786 3.
507 749 604 795 Quae
629 751 720 785 enim
740 750 926 799 proposita
953 749 1098 796 fecerant
1124 749 1222 785 nobis
1250 772 1296 776 —
1324 750 1480 798 diffltz'tas
1506 751 1544 786 in
1557 752 1734 786 sententiis
1753 751 1919 799 dicendis,

246 807 389 844 libertas
417 809 451 844 in
481 821 518 844 re
538 821 577 857 p.
606 808 824 857 capessenda,
852 820 890 844 ea
917 808 1055 844 sublata
1081 811 1151 844 tota
1177 811 1268 856 szmt,
1296 820 1356 844 nec
1382 809 1471 844 milei
1493 809 1606 857 mayis
1632 821 1737 858 quam
1751 809 1920 847 omnibus.

246 867 302 904 Ita
330 867 364 903 h.
394 867 416 903 l.
446 879 525 903 cum
553 868 734 915 Madvigio
761 867 946 903 ediderunt
960 867 1123 904 Baiterus
1145 871 1180 903 et
1199 867 1486 915 Wesenbergius.
1514 869 1545 904 Ε
1563 868 1626 904 cod
1645 868 1739 905 Med.
1755 869 1919 905 affertur:

245 929 314 962 tota
353 927 386 962 si
424 938 493 973 uec,
538 926 574 962 in
601 926 681 962 aliis
708 927 806 962 editt.
834 929 905 962 est:
943 929 1033 971 tota;
1058 926 1116 961 sed
1142 938 1211 962 nee.
1263 926 1383 963 Codex
1409 927 1570 973 Amst.1)
1597 927 1781 962 confirmat
1807 939 1920 963 meam

243 985 479 1020 coniecturam
522 984 653 1031 fuerat.
707 984 737 1020 E
780 985 813 1020 si
849 996 919 1020 non
960 984 1077 1020 minus
1117 984 1220 1020 facile
1262 985 1398 1020 eruitur
1437 988 1485 1020 est
1512 988 1581 1032 (st),
1609 997 1714 1032 quam
1742 987 1823 1020 sunt
1849 977 1918 1032 (si).

244 1043 369 1091 Itaque
409 1044 652 1079 scribendum:
684 1042 780 1089 Quae
807 1044 898 1079 enim
918 1044 1105 1092 proposita
1132 1043 1253 1091 fuerat
1282 1044 1380 1080 nobis
1406 1066 1454 1071 -
1479 1044 1637 1092 (Ζίφιὶίαε
1663 1045 1701 1080 in
1727 1047 1810 1080 sent.
1838 1044 1918 1092 dic„

241 1101 384 1138 libertas
413 1103 449 1138 in
476 1115 514 1137 re
536 1115 572 1150 p.
601 1114 688 1150 cap„
716 1114 755 1138 ea
784 1102 921 1138 sublata
948 1105 1018 1138 tota
1045 1105 1106 1149 est,
1137 1114 1194 1138 nec
1221 1103 1310 1138 mihi
1335 1104 1449 1151 magyis
1475 1115 1581 1151 quam
1607 1103 1776 1140 omnibus.

292 1162 322 1198 Ι.
352 1164 384 1198 9,
437 1162 560 1198 Mense
600 1162 695 1198 Maio
735 1162 822 1198 anni
848 1161 1124 1198 MDCCCLXX
1152 1162 1194 1198 de
1221 1163 1377 1210 quinque
1405 1162 1492 1198 locis
1520 1162 1626 1198 huius
1653 1162 1821 1210 epistolae
1848 1162 1919 1199 dis-

243 1221 367 1269 putavi
394 1221 431 1256 in
458 1220 579 1256 ordine
606 1220 778 1256 litterario
806 1219 1019 1256 Academiae
1044 1220 1161 1267 regiae
1187 1219 1468 1268 disciplinarum,
1497 1232 1606 1268 eaque
1619 1221 1812 1269 disputatio
1825 1221 1919 1257 edita

243 1283 295 1315 est
322 1279 359 1314 in
387 1291 453 1315 sec.
482 1279 570 1315 serie
601 1280 784 1326 Actorum,
826 1278 908 1314 Vol.
938 1278 967 1314 I.
996 1292 1030 1327 p.
1064 1280 1133 1315 173
1165 1291 1260 1326 seqq.
1315 1279 1433 1323 Quum
1460 1279 1574 1328 patrio
1601 1291 1760 1315 sermone
1787 1280 1918 1328 scripta

241 1338 299 1384 sit,
331 1338 467 1386 potiora
492 1338 573 1374 inde
600 1338 800 1386 depromam
828 1339 969 1374 resectis
996 1338 1040 1373 iis
1067 1350 1156 1385 quae
1183 1338 1414 1386 improbanda
1441 1338 1497 1374 vel
1523 1338 1717 1374 omittenda
1739 1339 1914 1376 videntur.

245 1396 289 1433 111
316 1397 335 1443 ξ
363 1398 384 1432 4
412 1409 532 1432 omnes
570 1397 668 1432 codd.
697 1400 730 1432 et
757 1396 855 1432 editt.
883 1396 1034 1432 habent:
1077 1396 1154 1444 Eyo
1182 1408 1243 1444 me,
1272 1396 1431 1444 Lentule,
1462 1397 1563 1433 initio
1590 1409 1710 1433 rerum
1736 1399 1838 1445 atque
1863 1408 1919 1433 ασ-

243 1457 377 1492 tionum
416 1459 560 1491 tuarum
599 1468 667 1492 non
705 1456 815 1492 solum
843 1456 928 1491 meis
953 1455 1012 1491 sed
1038 1456 1143 1491 etiam
1169 1455 1381 1504 reipublicae
1407 1456 1606 1492 restitutum
1623 1455 1808 1504 putabam.
1858 1455 1918 1492 Ad

244 1516 350 1551 verba
381 1516 481 1551 initio
509 1528 538 1552 r.
566 1527 599 1551 a.
626 1528 659 1552 (ι.
689 1518 833 1551 tuarum
859 1515 900 1552 P.
929 1515 1114 1551 Manutius
1141 1515 1343 1551 adnotavit:
1376 1515 1479 1562 „Non
1506 1527 1574 1563 quo
1592 1515 1746 1564 primum
1765 1518 1918 1563 tempore

242 1572 417 1609 Lentulus
457 1573 498 1609 de
537 1585 576 1609 eo
612 1573 829 1609 restituendo
866 1573 980 1622 eoepit
1019 1585 1131 1620 agere,
1160 1573 1219 1609 sed
1245 1585 1326 1609 cum
1351 1573 1505 1621 primum
1531 1573 1716 1609 restitutus
1742 1576 1805 1615 est,
1833 1575 1874 1608 ut
1899 1583 1918 1609 e

244 1632 472 1680 sequentibus
516 1636 671 1680 apparet.
726 1633 822 1668 Dicit
861 1632 957 1668 enim
998 1633 1099 1668 ἱηῖέίο
1136 1633 1315 1668 actionum
1356 1635 1511 1679 tuarum,
1551 1645 1624 1681 pro,
1653 1632 1756 1667 initio
1783 1631 1915 1668 reditus

245 1692 324 1733 mei,
353 1691 412 1738 qui
439 1691 530 1726 actio
557 1695 618 1727 tua
644 1691 748 1727 fuit.''
801 1691 846 1727 In
872 1691 938 1727 hac
966 1691 1254 1739 interpretatione
1282 1691 1494 1739 Gronovius,
1518 1690 1703 1731 Graevius,
1730 1690 1913 1738 Ernestus,

243 1751 305 1787 alii
345 1751 597 1798 acquieverunt
636 1763 781 1798 eamque
822 1750 963 1786 silentio
991 1762 1053 1786 suo
1080 1750 1363 1798 comprobarunt.
1417 1750 1493 1797 Ego
1521 1749 1746 1786 reiiciendam
1779 1760 1914 1787 censeo,

242 1810 352 1847 Recte
392 1811 451 1846 ille
479 1810 618 1857 quidem
645 1810 783 1846 monuit
809 1810 867 1846 hic
894 1822 966 1845 non
993 1810 1049 1857 agi
1076 1810 1118 1846 de
1145 1810 1247 1845 initio
1275 1809 1479 1846 consulatus
1507 1809 1664 1856 Lentuli,
1697 1809 1756 1844 sed
1784 1809 1825 1844 de
1852 1808 1914 1845 illo

243 1873 396 1917 tempore
423 1881 531 1916 quum
559 1869 680 1906 Cicero
707 1870 751 1905 ab
778 1869 886 1905 exilio
914 1873 1097 1905 revocatus
1124 1872 1224 1915 esset,
1253 1869 1344 1916 quod
1372 1880 1491 1904 mense
1518 1868 1645 1904 Sextili
1661 1868 1735 1903 eius
1752 1868 1838 1903 anni
1852 1879 1914 1915 per

241 1927 354 1974 legem
382 1927 513 1962 factum
540 1932 603 1963 est.
632 1927 696 1963 Sed
726 1927 798 1963 vim
824 1927 926 1963 affert
952 1927 1080 1974 verbis,
1108 1927 1261 1975 primum
1288 1926 1424 1962 nullam
1453 1926 1625 1961 rationem
1653 1926 1786 1961 habens
1809 1937 1910 1960 voca-

243 1987 405 2023 bulorum
434 1999 551 2022 rerum
578 1990 689 2034 atque,
718 1986 843 2023 deinde
868 1987 1044 2022 actionum
1070 1986 1321 2034 interpretatus
1348 1986 1389 2021 de
1416 1997 1488 2021 una
1515 1997 1561 2032 re,
1589 1997 1678 2032 quae
1693 1994 1738 2020 ex
1753 1984 1912 2032 pluribus

240 2045 386 2081 Lentuli
413 2045 610 2081 actionibus
637 2049 714 2080 orta
741 2048 825 2081 erat.
854 2045 973 2081 Verba
1000 2044 1091 2080 nihil
1117 2045 1277 2080 indicant
1303 2045 1373 2080 nisi
1400 2044 1514 2092 prima
1534 2047 1691 2091 tempora
1709 2042 1911 2079 consulatus

240 2103 397 2150 Lentuli,
426 2104 462 2139 in
491 2104 619 2151 quibus
647 2103 768 2140 Cicero
797 2116 859 2139 nec
895 2104 1080 2140 restitutus
1107 2107 1159 2139 est
1186 2115 1251 2139 nec
1278 2115 1314 2139 se
1341 2103 1414 2138 suis
1443 2105 1477 2138 et
1503 2102 1589 2150 reip.
1618 2101 1820 2137 restitutum
1849 2113 1912 2149 pu·

241 2168 314 2199 tare
342 2167 487 2211 poterat.
542 2162 684 2210 Duplici
712 2163 845 2199 ratione
873 2163 991 2198 sanari
1018 2166 1176 2211 possunt.
1205 2162 1299 2198 Nam
1326 2166 1388 2198 aut
1409 2162 1510 2197 initio
1537 2160 1693 2197 adverbii
1721 2161 1790 2195 vim
1806 2160 1912 2196 habet

241 2221 401 2269 idemque
429 2222 561 2257 indicat
588 2222 678 2269 quod
707 2222 744 2257 in
772 2222 791 2269 ξ
819 2224 839 2257 5
868 2222 997 2258 dicitur
1017 2223 1152 2270 primis
1178 2220 1390 2269 temporibus
1416 2220 1501 2267 illis,
1530 2219 1628 2255 brevi
1656 2223 1734 2267 post
1748 2219 1909 2266 reditum,

281 2376 301 2414 ¹)
332 2375 418 2404 Liber
450 2376 543 2405 nitide
573 2377 604 2405 in
626 2376 804 2405 membranis
827 2376 957 2413 scriptus
980 2375 1105 2409 saeculo,
1128 2376 1164 2403 ut
1186 2374 1315 2407 videtur,
1339 2374 1399 2408 XV,
1423 2375 1560 2403 servatur
1582 2373 1614 2401 in
1636 2371 1816 2400 Bibliotheca
1839 2370 1911 2399 Uni·

239 2425 389 2454 versitatis
423 2425 502 2454 stud.
535 2425 758 2455 Amstelodami.
794 2426 933 2454 Continet
965 2424 1113 2462 Epistolas
1145 2425 1181 2453 ad
1214 2423 1394 2458 Familiares,
1418 2422 1453 2451 ad
1480 2423 1618 2455 Brutum,
1643 2422 1666 2449 I.
1689 2419 1726 2448 17
1750 2422 1780 2448 et
1802 2418 1851 2455 «16,
1873 2419 1908 2448 ad

239 2473 404 2503 Octavium.
428 2474 571 2503 Graevius
593 2484 626 2504 eo
642 2484 715 2504 usus
738 2477 784 2504 est
805 2477 836 2504 et
857 2475 973 2512 saepius
995 2475 1059 2503 eius
1081 2473 1222 2503 lectiones
1244 2473 1395 2509 indicavit,
1420 2481 1487 2501 eum
1505 2472 1535 2500 in
1550 2471 1678 2504 adnott.‚
1693 2472 1757 2498 tum
1774 2469 1805 2497 in
1821 2468 1909 2497 variis

233 2523 315 2554 lectt.
335 2525 458 2554 editioni
481 2534 550 2554 suae
574 2525 696 2554 Amstel.
720 2524 801 2553 1684
823 2525 940 2554 additis.
