2163 3020
243 209 268 244 6
448 215 761 247 OBSERVATIONES
783 214 960 244 CRITlc-AE
984 215 1034 243 AD
1058 215 1095 243 M.
1117 213 1249 243 TULLH
1274 212 1475 243 CICERONIS
1499 213 1713 244 EPISTOLAS.

246 307 394 343 resecari
420 307 524 342 iussit
551 306 657 341 verba
683 317 856 353 quumque
882 316 959 340 eum
985 316 1044 339 nec
1067 302 1313 352 persuadendo
1340 315 1399 339 nec
1425 302 1571 351 coyendo
1596 304 1673 351 reqi
1691 315 1794 352 posse
1811 304 1921 342 vidis-

244 368 302 410 set,
339 370 378 401 ut
404 370 523 413 postea
550 364 632 400 fecit
658 376 721 399 suo
747 364 921 400 arbitratu
948 362 1146 399 Schutzius.
1201 362 1267 398 Sed
1296 365 1421 398 neuter
1448 362 1577 410 docuit,
1620 363 1713 399 unde
1740 367 1840 400 tanta
1865 363 1918 400 in-

246 423 429 471 terpolatio
457 427 532 458 orta
559 426 659 458 essct.
703 422 778 469 Ego
806 422 924 471 parvis
951 421 1206 458 mutationibus
1233 420 1446 456 sententiam
1472 420 1547 457 fieri
1574 433 1674 469 posse
1699 421 1918 459 tolerabilem

246 487 342 530 puto.
396 482 481 518 Post
524 494 557 518 v.
597 484 762 517 senectute
800 482 849 517 sic
875 481 1068 517 scribatur:
1097 492 1270 528 quumque
1296 492 1374 516 eum
1398 491 1458 515 nec
1484 480 1662 516 suadendo
1688 493 1747 516 nec
1772 481 1923 530 cogendo

246 541 320 587 νομί
355 552 455 589 posse
496 540 554 576 rid
560 541 648 587 isset,
675 541 730 575 cui
752 540 966 588 persuaderi
986 551 1088 588 posse
1114 539 1304 586 diffideret,
1333 551 1413 574 eum
1441 539 1517 587 coqi
1548 538 1608 586 fas
1634 550 1704 575 esse
1728 551 1797 575 uon
1822 540 1919 576 arbi-

246 601 414 636 traretur.
443 600 511 635 Pro
532 599 788 648 persuadendo,
817 600 908 647 quod
937 599 1102 635 scribitur
1128 598 1334 646 plerumque
1342 597 1559 647 psuadendo,
1587 598 1712 646 scripsi
1729 598 1919 647 suadendo,

245 662 285 694 ut
313 658 368 694 his
393 659 508 694 verbis
535 659 631 694 aliud
658 659 807 700 dicatur,
850 670 955 705 quam
983 658 1075 705 quod
1102 657 1260 705 sequitur
1286 658 1346 693 cui
1364 656 1580 705 persuaderi·
1598 668 1701 706 posse
1727 657 1917 705 diffideret.

247 715 340 752 Nam
367 717 465 752 aliud
493 721 545 752 est
571 717 717 753 suadere
743 717 766 753 i.
782 730 810 753 e.
839 716 987 752 consilia
1014 716 1109 764 dare,
1136 715 1326 762 exhortari,
1355 713 1646 760 συμβουλεύειν,
1662 715 1759 752 aliud
1768 728 1920 765 persua-

245 774 325 810 dere
350 776 372 812 i.
392 788 421 811 e.
449 776 620 811 adducere
646 776 688 811 ad
716 776 916 811 faciendum
944 776 978 811 id
997 775 1088 823 quod
1108 775 1283 822 volumus,
1299 774 1460 809 πείθειν.
1488 774 1558 810 Pro
1575 786 1682 823 quum
1695 775 1918 812 scribendum

243 846 317 870 esse
356 836 414 870 cm?
453 836 489 879 (i.
505 848 534 871 e.
562 836 643 883 quoi
668 847 730 883 pro
766 836 842 883 que)
870 834 1124 881 Wesenbergio
1151 845 1290 882 quoque
1315 833 1353 869 in
1380 837 1533 869 mentem
1561 833 1668 870 venit.
1696 834 1739 870 cf.
1768 834 1919 872 Emend.

243 892 304 928 alt.
344 906 376 941 p.
420 895 452 928 2.
505 894 689 929 Infinitivo
716 894 792 941 00qu
818 894 1014 929 subiectum
1043 896 1146 937 (eum)
1174 892 1304 939 addidi,
1333 892 1424 939 quod
1452 892 1628 928 sententia
1654 892 1812 940 requirit.
1858 893 1916 930 Ita

245 951 330 987 haec
357 952 468 987 oritur
494 953 689 988 sententia:
719 952 833 998 Plato,
862 964 971 999 quum
998 952 1144 987 vidisset
1171 950 1340 1000 populum
1375 951 1632 987 Atheniensem
1667 964 1731 987 nec
1757 952 1917 988 consiliis

243 1021 307 1045 nec
346 1010 382 1045 vi
419 1010 492 1057 regi
518 1022 628 1058 posse,
658 1022 729 1046 non
756 1010 853 1046 dedit
878 1011 1036 1057 consilia,
1077 1010 1206 1057 quibus
1232 1021 1313 1045 eum
1338 1013 1457 1045 tamen
1484 1021 1556 1045 non
1593 1009 1915 1058 obtemperaturum

241 1068 386 1111 sciebat,
427 1081 490 1104 nec
529 1069 692 1104 adhibuit
730 1069 814 1115 vim,
852 1080 957 1115 quam
997 1081 1068 1104 non
1096 1068 1209 1104 solum
1233 1067 1397 1103 inutilem
1430 1067 1489 1103 sed
1516 1068 1623 1103 etiam
1649 1067 1811 1104 illicitam
1843 1069 1921 1105 exi·

242 1127 420 1163 stimabat.

290 1186 320 1221 Ι.
350 1188 382 1233 9,
412 1187 470 1222 23.
524 1185 664 1234 Scripsi
690 1207 736 1212 —
765 1189 834 1222 tres
859 1186 966 1222 libros
995 1186 1032 1221 in
1058 1185 1293 1234 disputatione
1317 1196 1358 1221 ae
1382 1184 1520 1233 dialoqo
1551 1185 1612 1231 „de
1624 1186 1797 1223 ναίονθ’.
1812 1187 1918 1224 Lam-

240 1244 346 1281 binus
371 1257 442 1281 non
469 1245 570 1291 dixit,
599 1257 661 1280 cur
689 1246 723 1280 in
752 1245 843 1294 disp.
871 1257 912 1281 ac
937 1245 1075 1293 dialoyo
1101 1245 1257 1281 alienum
1286 1244 1353 1280 sibi
1368 1246 1402 1279 et
1417 1244 1641 1280 subdititium
1654 1244 1833 1281 videretur
1850 1258 1915 1282 neo

242 1303 399 1339 fecerunt
426 1304 488 1340 alii
514 1304 607 1340 idem
634 1305 835 1341 sentientes.
864 1305 985 1341 Cicero
1010 1305 1074 1340 illa
1100 1304 1247 1351 addidit,
1268 1307 1308 1340 ut
1322 1303 1470 1339 formam
1487 1303 1614 1352 operis,
1637 1303 1728 1351 quod
1742 1304 1917 1341 Lentulus

241 1361 399 1398 nondum
434 1362 581 1402 viderat,
609 1367 642 1398 et
670 1363 753 1410 quid
780 1363 985 1399 Aristotelio
1011 1375 1105 1398 more
1131 1363 1250 1405 vellet,
1277 1361 1461 1398 indicaret.
1491 1361 1535 1398 cf.
1562 1362 1668 1398 Bakii
1695 1362 1810 1399 Schol.
1838 1363 1916 1411 Hy-

241 1432 358 1469 pomn.
399 1421 449 1468 II,
479 1422 524 1457 26
552 1425 587 1457 et
613 1421 651 1457 in
677 1421 791 1457 Praef.
822 1422 865 1458 ad
893 1422 1001 1458 libros
1026 1423 1068 1458 de
1095 1428 1230 1457 oratore
1256 1434 1291 1469 p.
1318 1420 1385 1457 VI.
1438 1420 1547 1457 Recte
1573 1420 1850 1468 Wesenbergius
1876 1423 1915 1458 in

241 1479 388 1516 Emend.
430 1479 492 1515 alt.
532 1492 564 1528 p.
607 1480 627 1515 3
669 1480 964 1528 praepositionem
1002 1480 1186 1516 delendam
1212 1479 1361 1527 monuit,
1389 1479 1468 1515 coll.
1497 1479 1553 1526 iis,
1581 1491 1670 1527 quae
1698 1484 1915 1527 sequuntur:

242 1537 381 1586 Scripsi
419 1539 510 1574 enim
552 1538 704 1575 versibus
743 1542 812 1576 tres
850 1540 968 1576 libros.
1031 1540 1089 1576 Sic
1127 1539 1267 1575 Ennius
1305 1539 1344 1574 in
1383 1538 1483 1575 Ann.
1525 1537 1707 1587 Scripsere
1745 1539 1813 1575 alii
1839 1551 1912 1576 rem

244 1597 410 1633 versibus.

293 1656 342 1691 II.
372 1658 404 1702 5,
436 1657 466 1691 1.
520 1655 664 1692 Excelso
692 1679 739 1683 —
766 1657 836 1693 loco
861 1659 930 1693 sim
957 1660 1004 1693 est
1031 1657 1109 1693 laus
1136 1660 1206 1693 tua.
1235 1657 1305 1692 Hic
1332 1655 1430 1692 locus
1458 1668 1512 1692 me
1538 1660 1667 1704 monet,
1689 1657 1780 1692 utin
1795 1657 1855 1693 Or.
1872 1657 1912 1694 II

244 1715 285 1750 de
311 1715 387 1761 lege
414 1726 486 1761 agr.
514 1715 533 1761 ἓ
561 1717 605 1750 55
635 1716 923 1763 verbaamultis,
940 1716 1289 1764 nuperaKarstenio
1304 1718 1485 1763 temptata,
1501 1714 1561 1750 sed
1575 1715 1733 1751 nondum
1746 1719 1915 1759 correcta,

244 1774 444 1809 coniectura
483 1774 667 1810 emendare
706 1786 819 1811 coner.
874 1775 930 1811 Ibi
970 1775 1138 1820 legimus:
1183 1774 1218 1810 V
1217 1774 1379 1822 eciz‘yalz'a
1405 1774 1518 1810 locare
1542 1786 1714 1822 nusquam
1739 1775 1817 1810 licet
1842 1776 1914 1813 nisa

244 1833 281 1867 in
315 1832 378 1867 hac
415 1832 496 1867 urbe
521 1832 582 1868 hoc
606 1836 667 1868 aut
697 1833 754 1869 illo
781 1846 822 1869 ex
848 1834 929 1870 loco.
956 1834 1157 1880 Naugerius
1186 1834 1293 1869 verba
1318 1836 1381 1869 aut
1410 1833 1468 1868 ilio
1495 1833 1603 1869 deleri
1630 1833 1744 1880 iussit,
1771 1833 1908 1882 Kayse-

247 1903 306 1927 rus
349 1891 586 1927 illustrissimo
625 1892 680 1928 vel
708 1893 936 1941 wimiis-simo,
963 1893 1177 1929 Karstenius
1205 1893 1242 1928 in
1269 1892 1316 1928 N.
1344 1892 1378 1927 S.
1406 1892 1656 1940 Mnemosyncs
1682 1892 1749 1939 VI,
1777 1905 1810 1940 p.
1838 1894 1911 1929 435

246 1951 424 1998 auspicato
465 1962 526 1998 pro
565 1950 608 1985 iis
647 1952 887 1999 reponendum
925 1952 1072 1988 censuit.
1125 1952 1201 1998 Ego
1241 1963 1362 1987 verum
1402 1954 1487 1999 puto
1527 1950 1588 1986 hoc
1614 1951 1740 1986 excelso
1766 1963 1806 1986 ex
1831 1951 1912 1998 loco,

247 2021 265 2043 e
292 2008 423 2055 rostris,
450 2020 539 2055 quae
566 2009 639 2044 foro
666 2013 700 2045 ct
724 2011 865 2046 comitio
892 2010 1083 2046 excelsiora
1109 2014 1221 2057 erant,
1250 2012 1290 2045 ut
1316 2009 1439 2045 scribit
1464 2009 1596 2045 Fronto
1623 2021 1676 2057 ep.
1701 2009 1741 2045 Π
1767 2010 1811 2045 ad
1837 2010 1915 2046 An—

247 2070 319 2102 ton.
348 2079 381 2114 p.
411 2067 456 2101 98
484 2067 536 2103 ed.
564 2067 693 2103 Naber.

298 2125 348 2161 Π.
378 2127 410 2171 6,
440 2128 472 2161 5.
524 2125 602 2173 Esso
628 2127 667 2161 ni
693 2129 722 2161 te
748 2126 863 2162 videre
888 2128 1022 2174 scirem,
1050 2139 1154 2175 quum
1179 2127 1226 2162 ad
1251 2129 1282 2162 te
1307 2126 1389 2162 Ilaec
1415 2125 1609 2172 scriberem,
1636 2128 1804 2173 quantum
1829 2138 1915 2162 onus

247 2184 360 2231 officii
385 2184 650 2220 sustinerem-
658 2184 770 2232 plura
794 2184 987 2220 scriberem.
1016 2185 1205 2231 Languent
1231 2185 1338 2221 verba
1364 2197 1469 2233 quum
1495 2184 1543 2220 ad
1570 2187 1601 2220 ie
1625 2183 1707 2219 haec
1731 2184 1916 2220 scriberem

247 2246 280 2279 et
307 2242 405 2278 salva
432 2243 607 2278 sententia
635 2243 750 2278 omitti
777 2248 934 2291 possunt.
962 2244 1027 2279 Sed
1056 2256 1165 2291 quum
1191 2244 1228 2279 in
1256 2243 1330 2279 cod.
1358 2242 1451 2279 Med.
1469 2242 1639 2291 scriptum
1658 2242 1723 2278 sit:
1746 2254 1850 2290 quam
1867 2243 1915 2279 In

247 2304 276 2336 te
303 2301 383 2336 haec
409 2301 602 2348 scriberem,
630 2302 709 2338 vide
735 2314 780 2338 ne
806 2315 928 2338 verum
954 2303 1018 2338 sit:
1046 2315 1114 2351 qua
1140 2305 1248 2338 mente
1272 2302 1354 2338 haee
1380 2301 1575 2338 scriberem.

296 2363 346 2398 ΙΙ.
377 2364 408 2409 7,
439 2366 470 2398 3.
527 2363 699 2408 Quoniam
738 2376 820 2400 sane
846 2364 996 2411 feliciter
1021 2368 1052 2400 et
1077 2376 1117 2400 ex
1143 2377 1218 2400 mea
1243 2365 1411 2400 sententia
1437 2376 1510 2400 rem
1529 2363 1710 2412 publicam
1732 2363 1917 2410 yessimus.

247 2422 356 2458 Recte
383 2421 433 2457 Io.
461 2420 674 2458 Schradcrus
700 2423 863 2471 probavit
889 2423 1062 2460 Ursinum
1080 2423 1262 2471 publicam
1287 2422 1473 2470 delentem,
1501 2422 1643 2471 ipseque
1670 2421 1814 2457 sustulit
1827 2432 1916 2458 mea.

248 2480 370 2518 Cicero
406 2481 442 2516 in
470 2481 651 2528 provincia
690 2481 837 2518 feliciter
864 2494 936 2518 rem
963 2486 1128 2530 gesserat,
1156 2483 1260 2530 idque
1286 2483 1414 2518 fecerat
1443 2494 1484 2518 ex
1508 2481 1686 2517 sententia.
1738 2480 1795 2516 Sic
1821 2481 1918 2517 enim
