2163 3020
258 238 280 274 2
984 247 1210 278 PRAEFATIO.

312 346 354 381 In
396 346 521 382 ultimo
556 346 669 394 eapite
703 358 831 394 paucos
867 346 961 382 loeos
988 347 1091 394 attigi
1120 345 1350 395 epistolarum
1377 345 1557 382 Ciceronis
1584 349 1618 382 et
1644 346 1758 393 Bruti,
1786 358 1936 394 quarum

263 404 365 440 fidem
392 408 469 452 post
495 404 573 440 Car.
599 404 694 440 Frid.
721 404 968 441 Hel-mannum
995 404 1132 453 egregie
1160 416 1272 453 nuper
1298 403 1456 440 defendit
1482 403 1561 440 Car.
1589 403 1700 440 Gabr.
1728 403 1881 440 Cobetus
1897 404 1935 440 in

265 463 513 511 Mnemosyncs
541 475 623 499 suae
650 462 730 499 Vol.
758 463 844 500 VII.
872 464 918 501 N.
947 464 982 501 S.
1011 477 1044 513 p.
1075 464 1285 511 262-297,
1313 463 1434 500 eodem
1461 462 1581 499 labore
1607 462 1649 499 de
1676 474 1796 499 earum
1822 474 1938 499 emen-

265 521 406 557 datione
433 522 520 558 bene
547 522 702 558 meritus.

315 581 431 625 Quum
460 581 544 617 haee
571 581 689 616 omnia
715 580 933 617 absolveram
961 585 994 617 et
1009 581 1221 617 Academiae
1236 579 1372 617 edenda
1395 579 1603 628 obtuleram,
1618 580 1657 616 in
1671 591 1800 627 magno
1815 592 1937 616 acervo

266 640 467 676 chartarum
503 639 654 675 Joannis
681 639 877 686 Schraderi,
919 639 1131 676 Professoris
1159 639 1437 687 Franequerani,
1466 651 1574 675 manu
1601 638 1821 686 scriptarum,
1850 650 1938 686 quae

266 710 361 734 nune
388 699 424 734 in
451 698 662 734 bibliotheca
689 697 900 734 Academiae
927 698 1111 734 Leidensis
1140 702 1338 744 servantur,
1375 697 1496 733 inveni
1524 696 1743 744 fasciculum,
1771 697 1831 744 qui
1857 708 1938 733 eon-

266 758 355 793 tinet
390 770 479 804 quae
506 757 560 793 vir
586 756 807 792 doctissimus
836 756 988 792 breviter
1016 757 1201 792 adnotavit
1227 756 1271 792 ad
1299 759 1375 792 octo
1401 755 1511 792 libros
1538 756 1669 804 priores
1697 754 1937 803 Epistolarum

268 816 311 852 ad
339 816 556 852 Familiares.
584 816 681 862 Legi,
710 815 910 850 examinavi
938 819 973 851 et
1000 828 1088 863 quae
1115 815 1219 852 utilia
1245 816 1359 851 inesse
1386 815 1462 850 visa
1477 818 1561 850 sunt
1574 815 1661 851 meis
1674 813 1785 850 adieci
1799 817 1940 850 auctore

269 874 422 911 laudato.
840 865 845 871 ⁸

320 933 364 969 In
400 933 454 969 his
479 932 699 969 elaborandis
731 943 801 966 nou
829 943 959 968 vanum
987 933 1144 968 laborem
1175 945 1229 968 me
1257 932 1415 980 posuisse
1442 932 1585 980 putabo,
1614 931 1754 979 quando
1780 931 1882 978 aequi
1908 934 1942 966 et

270 992 371 1040 periti
398 991 529 1027 iudices
556 991 693 1039 saepius
721 1002 774 1025 me
803 1002 923 1027 verum
949 991 1138 1038 invenisse,
1170 1002 1443 1038 nonuunquam,
1476 990 1535 1027 ubi
1565 1001 1736 1038 erravero,
1764 989 1838 1025 veri
1851 988 1948 1025 inve-

268 1050 389 1086 niendi
416 1051 509 1086 viam
536 1050 616 1086 aliis
644 1049 836 1085 munivisse
863 1051 1067 1087 censebunt.
