2163 3020
249 265 296 299 132
447 271 758 301 OBSERVATIONES
780 269 956 300 CRITICAE
980 270 1031 297 AD
1054 270 1092 299 m.
1114 268 1243 297 TULLII
1266 267 1468 297 ClCERoNIS
1490 267 1706 296 EPISTOLAS.

254 374 289 407 in
330 385 362 407 v.
400 371 634 419 prosequitur.
675 369 808 405 Sestius
851 369 989 404 volebat
1030 368 1189 415 prosequi
1230 368 1304 402 sive
1342 367 1501 402 comitari
1528 367 1731 402 Ciceronem
1757 365 1922 401 Puteolos

251 435 437 479 petentem.

304 489 388 524 XV.
417 490 474 533 29,
506 490 536 523 1.
567 487 665 532 Quod
693 500 756 521 ηυη
785 487 894 522 solum
923 497 996 520 mea
1025 497 1141 520 verum
1167 486 1270 520 etiam
1290 488 1350 519 tua
1369 496 1421 519 me
1439 484 1577 532 expedis
1591 487 1744 531 yratum.
1772 482 1924 528 Vitium,

256 549 346 595 quod
375 549 410 583 in
439 548 494 582 his
521 547 622 593 inest,
651 559 721 581 nou
749 545 893 581 sustulit
922 545 962 580 L.
991 544 1243 579 Mendelssohn
1270 544 1307 578 in
1335 543 1436 578 Actis
1452 555 1519 578 soc.
1543 542 1630 591 phil.
1646 542 1742 589 Lips.
1758 541 1787 577 I.
1803 553 1837 589 p.
1853 540 1924 575 407

257 606 473 642 coniicieudo
499 608 636 640 tuamet.
665 605 757 641 Nam
785 604 876 651 quod
905 602 1080 639 Salustius
1106 606 1141 637 et
1166 602 1291 637 Livius
1318 602 1520 638 encliticum
1547 604 1612 636 met
1630 601 1735 636 etiam
1752 601 1928 648 pronomi-

256 665 359 700 nibus
387 664 591 712 possessivis
617 663 838 709 addiderunt,
867 674 937 697 uon
966 662 1050 697 facit
1077 664 1117 696 ut
1142 661 1261 696 Tullio
1289 660 1380 696 idem
1401 672 1485 696 usus
1503 659 1711 695 tribuendus
1726 659 1782 694 sit.
1807 658 1927 704 Magis

256 723 363 770 probo
402 722 533 757 Baiteri
574 722 808 768 suspicionem
848 725 926 768 post
954 724 1013 755 tna
1042 720 1260 755 intercidisse
1288 731 1405 754 causa.
1444 719 1502 754 Sic
1528 731 1580 754 me
1605 718 1744 766 expedis
1770 720 1822 753 est
1853 728 1928 762 „res

256 794 350 816 meas
378 781 544 828 explicas,
572 780 680 815 efficis
708 792 749 815 ne
777 780 813 814 in
841 791 918 814 aere
946 779 1061 814 alieno
1088 778 1285 813 haeream.''

305 840 410 876 XVI.
442 841 472 878 1,
503 841 534 874 3.
576 839 684 874 Recte
711 839 919 874 recentiores
946 837 1044 873 editt.
1073 840 1278 884 receperunt
1304 836 1446 871 Ernesti
1474 834 1782 883 transpositionem
1808 834 1930 869 verbo-

255 912 331 934 rum
372 904 405 933 et
441 898 489 932 sie
529 898 762 945 scripserunt:
805 896 920 932 Meam
952 895 1203 943 profectionem
1242 894 1388 930 laudari
1412 894 1569 942 ‘qa-adeo:
1595 893 1781 928 videndum
1807 895 1864 939 est,
1893 895 1931 927 ut

257 959 390 993 mansio
428 957 600 992 laudetur.
643 956 813 1003 Dymaeos
852 967 938 1002 aym
973 954 1095 1002 pulsos
1134 966 1231 988 mare
1273 953 1440 999 infestam
1465 952 1589 988 habere
1613 952 1667 987 ‹mfl
1692 952 1834 986 mirum.
1875 951 1932 986 Ita

256 1017 358 1052 facilc
385 1016 522 1052 tollitur
549 1015 745 1062 scrupulus,
773 1015 833 1061 qui
863 1027 915 1049 mo
941 1014 1121 1061 pungebat
1148 1013 1186 1048 in
1214 1013 1331 1048 verbis
1359 1013 1533 1060 Dymaeos
1560 1033 1607 1037 —
1636 1011 1770 1046 habere.

305 1075 408 1111 XVI.
440 1076 472 1120 7,
504 1075 534 1109 1.
564 1073 690 1109 Stadia
717 1074 856 1107 circiter
885 1071 987 1107 000.
1015 1071 1058 1106 In
1087 1072 1200 1118 spatio
1228 1083 1351 1106 cursus
1379 1070 1547 1106 maritimi
1575 1069 1773 1105 definiendo
1802 1072 1935 1104 veteres

256 1146 315 1182 per
343 1133 455 1168 stadia
482 1132 743 1180 computabant.
771 1131 824 1167 Cf.
853 1131 951 1166 Fam.
981 1130 1086 1165 XVI.
1117 1131 1150 1165 2.
1179 1129 1290 1165 Aead.
1322 1130 1372 1165 II.
1404 1130 1485 1164 100.
1521 1128 1610 1164 CCC
1638 1128 1752 1163 stadia
1777 1127 1935 1163 efficiunt

259 1197 409 1240 quatuor
449 1191 546 1226 milia
586 1203 763 1238 passuum.
804 1191 992 1237 Propterea
1031 1189 1152 1224 Cicero
1189 1188 1334 1224 eandem
1370 1200 1443 1223 rem
1484 1199 1632 1223 narrans
1664 1187 1703 1222 in
1730 1186 1824 1222 Phil.
1854 1186 1882 1222 Ι.
1913 1188 1933 1221 3

261 1252 412 1288 affirmat
441 1264 477 1286 se
505 1262 569 1285 non
601 1251 648 1284 ita
677 1249 823 1284 multum
848 1252 1047 1296 provectum
1073 1252 1192 1283 austro
1218 1248 1386 1283 reiectum
1414 1259 1488 1282 esse
1515 1247 1552 1282 in
1579 1258 1659 1282 eum
1686 1246 1814 1292 locum,
1842 1245 1934 1280 unde

261 1309 528 1346 conscendisset.

311 1368 416 1404 XVI.
456 1370 512 1413 11,
552 1369 582 1402 1.
623 1366 676 1402 De
706 1366 789 1401 Sica
819 1367 865 1400 ita
895 1368 952 1411 est,
983 1369 1018 1400 ut
1043 1365 1193 1409 seribis;
1219 1365 1262 1400 ab
1292 1366 1356 1400 ista
1383 1377 1484 1413 (teyre
1510 1376 1562 1400 me
1587 1365 1692 1400 tenui.
1721 1363 1778 1399 Ab
1807 1364 1873 1398 ista
1899 1375 1936 1398 o:

263 1440 282 1462 a
310 1427 489 1475 Septimia,
518 1426 616 1461 Sicae
643 1438 751 1461 uxore
778 1424 922 1470 infideli,
951 1425 1039 1460 mihi
1066 1425 1221 1471 debetur,
1258 1436 1368 1471 quum
1395 1424 1433 1459 in
1460 1424 1553 1459 Med.
1581 1426 1658 1458 asta
1685 1435 1735 1469 ea,
1763 1422 1802 1457 in
1828 1422 1936 1457 Torn.

264 1489 335 1520 aste
361 1498 422 1533 pro
449 1486 492 1520 iis
519 1485 688 1532 scriptum
714 1484 771 1519 sit.
799 1483 962 1519 Praefero
988 1483 1080 1518 hano
1106 1483 1385 1519 emendationem
1405 1482 1624 1518 coniecturae
1638 1481 1816 1528 Lambini,
1832 1492 1938 1528 quam

265 1544 466 1591 Madvigius
493 1545 530 1579 in
556 1543 676 1578 libello
704 1555 808 1590 supra
834 1542 976 1578 laudato
1002 1543 1045 1577 ad
1071 1542 1103 1578 Ι.
1134 1543 1191 1589 18,
1221 1544 1242 1578 2
1270 1542 1435 1589 defendit,
1463 1553 1485 1576 a
1511 1541 1633 1576 Fadia
1651 1552 1752 1588 aegre
1766 1551 1817 1575 me
1831 1539 1938 1575 tenui.

262 1603 381 1638 Movet
420 1615 474 1638 me
513 1602 604 1649 quod
645 1614 688 1636 ex
727 1604 804 1636 asta
844 1613 882 1636 ecc
910 1601 1049 1636 facilius
1077 1602 1212 1637 eruitur
1236 1600 1280 1636 αἶ)
1306 1602 1385 1648 ista,
1413 1612 1520 1647 quam
1546 1612 1569 1635 a
1595 1599 1727 1646 Fadia,
1756 1598 1938 1644 multoque

265 1663 376 1708 magis
403 1662 494 1709 quod
522 1662 559 1696 in
585 1661 660 1696 loco
687 1659 856 1695 orationis
883 1659 1055 1695 secundae
1082 1660 1119 1694 in
1147 1659 1197 1695 M.
1225 1660 1436 1702 Antonium,
1465 1670 1533 1705 quo
1561 1657 1683 1694 Cicero
1711 1657 1769 1693 hio
1783 1655 1938 1704 respicit,

266 1722 285 1767 ξ
315 1722 346 1764 3,
375 1722 415 1757 de
443 1721 626 1757 familiaris
654 1719 708 1754 sui
732 1718 831 1754 sicae
858 1730 966 1753 uxore
993 1718 1098 1766 plane
1126 1719 1260 1765 siletur,
1288 1721 1325 1754 at
1352 1718 1394 1762 Q.
1421 1717 1523 1753 Fadii
1551 1717 1624 1753 filia
1643 1720 1761 1765 aperte
1779 1715 1941 1762 designa-

267 1784 324 1815 tur
351 1790 388 1816 ut
418 1780 566 1817 Antonii
593 1779 782 1814 liberorum
809 1780 931 1813 mater.
