2163 3020
449 264 758 294 OBSERVATIONES
781 265 957 294 CRITICAE
979 267 1031 295 AD
1053 268 1091 296 M.
1114 267 1244 296 TULLII
1268 269 1467 299 CICERONIS
1490 272 1703 303 EPIs'rOLAS.
1865 270 1913 304 45

246 361 319 397 lata
345 362 401 408 sit,
429 375 517 410 quae
543 363 681 410 probari
709 376 808 411 posse
835 364 1004 410 videatur,
1032 377 1095 400 nec
1120 366 1242 401 melior
1269 367 1432 414 inveniri,
1461 381 1539 405 cum
1568 371 1699 407 Orellio
1714 374 1910 410 etWesen-

246 419 366 467 bergio
392 420 480 456 illud
507 425 708 469 corruptum
735 422 909 458 existimo.
944 422 1010 458 Sed
1037 435 1100 458 nec
1128 423 1223 460 illius
1248 425 1427 473 discutere,
1457 440 1519 463 nec
1546 429 1636 475 quod
1664 430 1720 466 hic
1747 432 1911 469 dubitan-

246 483 299 514 ter
336 480 515 527 proposuit
549 479 748 527 disceptare,
785 481 909 529 placet.
948 481 1024 527 Ego
1058 482 1207 518 conieci:
1247 483 1290 518 Se?
1323 485 1407 532 qaid
1441 498 1582 533 possam
1620 488 1789 537 dispicere
1815 504 1851 527 o:
1880 493 1909 528 si

245 538 330 584 quid
357 550 498 585 possum
525 539 710 585 cogitando
737 540 896 587 reperire,
933 543 972 575 ut
998 552 1061 575 nos
1088 541 1252 577 dicimus:
1286 543 1373 588 „Als
1401 544 1437 579 ik
1463 558 1500 580 er
1518 546 1582 581 iets
1596 559 1639 595 op
1655 549 1784 585 vinden
1799 551 1909 587 kan.’'

247 595 300 631 Cf.
329 596 379 632 II.
408 597 466 643 20,
495 598 528 632 5.
557 596 598 640 Q.
628 597 669 633 fr.
698 598 726 633 I.
756 599 788 644 3,
818 600 851 634 5.
879 598 929 634 II.
959 600 991 644 2,
1021 600 1053 634 3.
1084 599 1178 643 Quid
1204 601 1371 637 omissum
1399 608 1477 650 post
1503 606 1545 651 si,
1573 612 1612 641 ut
1638 607 1685 642 X.
1714 611 1747 655 4,
1770 611 1808 645 1]
1833 615 1910 658 post

244 654 313 689 secl.
353 655 446 690 Nam
486 655 535 690 ibi
574 655 797 691 scribendum
833 669 907 692 esse
941 657 1000 692 secl
1033 658 1120 705 quid
1144 670 1230 706 opus
1257 660 1330 706 fuit
1357 661 1482 697 Hirtio
1509 666 1696 700 com-ento?
1723 666 1908 704 Schutzius

244 717 337 748 recte
362 713 462 760 vidit,
500 726 649 760 quocum
675 714 760 750 facit
788 715 953 751 Weseub.
981 716 1114 752 emend.
1143 717 1204 753 alt.
1233 731 1266 766 p.
1299 720 1380 755 120.
1418 720 1555 757 Verba:
1585 736 1625 758 ne
1649 736 1753 760 causa
1778 728 1909 773 optima

245 772 283 806 in
309 775 429 806 senata
448 775 569 819 pereat
595 784 665 807 non
692 773 845 820 pendent
870 773 914 809 ab
940 773 996 809 his
1022 775 1148 821 verbis,
1175 776 1233 811 sed
1261 789 1281 811 a
1309 789 1404 824 seqq.
1432 791 1489 825 990
1515 781 1733 827 satisfaciam
1747 783 1907 830 publiea-

243 831 310 876 πίε,
339 834 378 865 ut
405 830 590 866 Schutzius
617 835 651 866 et
676 831 914 868 Hoffmannus
939 837 1149 870 statuerunt.
1177 834 1293 870 Causa
1321 837 1451 884 optima
1479 842 1531 873 est
1550 851 1653 875 causa
1673 841 1905 888 optimatium,

244 892 283 924 ut
310 890 439 936 optima
469 890 561 924 ratio
587 890 624 925 in
651 890 701 926 II.
732 892 763 937 l,
794 892 826 926 6.

293 946 343 982 ΙΙ.
387 948 443 992 16,
484 949 518 983 4.
557 947 635 982 Hoc
669 960 727 995 eqo
762 949 868 983 sentio
898 949 993 984 valde
1020 949 1115 984 nobis
1141 962 1227 997 opas
1254 963 1331 987 esse.
1360 952 1455 988 Male
1481 952 1565 988 haec
1593 954 1791 1003 sollicitavi,
1818 969 1906 1004 quae

241 1009 326 1040 sunt
365 1006 561 1041 sanissima.
601 1006 679 1041 Hoc
713 1010 766 1041 est
805 1007 983 1042 Ciceronis
1009 1007 1206 1055 consilium,
1235 1010 1325 1056 quod
1354 1010 1390 1045 in
1419 1011 1462 1045 iis
1490 1023 1578 1057 quae
1605 1014 1815 1059 praecedunt
1841 1028 1906 1051 ex-

241 1063 404 1110 plicatur.
431 1063 650 1099 Sententiam
676 1065 763 1100 bene
789 1066 967 1113 perspexit
992 1066 1231 1113 Meutznerus,
1259 1069 1319 1114 qui
1346 1069 1451 1104 verba
1478 1070 1528 1104 sic
1543 1070 1809 1118 interpretatur:
1839 1073 1903 1109 Ich

241 1121 339 1157 fuhle
378 1122 460 1157 dasz
500 1122 610 1158 dieses
646 1123 827 1159 verhalten
866 1124 932 1159 mir
967 1124 1076 1159 durch
1113 1125 1168 1160 die
1208 1126 1439 1162 verhaltnisse
1466 1128 1504 1162 iu
1531 1128 1655 1163 hohem
1682 1131 1787 1176 grade
1813 1144 1906 1180 emp-

239 1179 359 1215 fohlen
386 1180 485 1215 wird.

291 1238 340 1273 II.
379 1239 435 1284 23,
473 1240 506 1274 2.
549 1239 660 1283 Quam
691 1251 792 1286 posse
826 1252 876 1274 me
905 1241 1059 1275 invenire
1085 1241 1228 1277 nullam..
1257 1242 1479 1278 Constructio
1508 1245 1593 1279 dura
1622 1250 1655 1280 et
1683 1246 1860 1294 impedita,
1887 1261 1904 1283 e

241 1296 324 1332 Cod.
353 1296 445 1331 Med.
474 1297 588 1343 ducta,
617 1298 789 1332 immerito
816 1298 949 1345 placuit
976 1298 1154 1334 Gronovio
1181 1304 1215 1334 et
1241 1300 1339 1336 mihi.
1368 1300 1450 1336 Sine
1476 1302 1549 1337 ulla
1577 1303 1795 1340 dubitatione
1821 1318 1900 1341 cum

239 1353 336 1389 Wes.
377 1366 395 1389 e
426 1355 499 1390 cod.
536 1355 572 1390 Z.
601 1356 841 1390 scribendum:
870 1368 975 1403 quam
1001 1369 1059 1404 990
1083 1369 1180 1404 posse
1209 1359 1361 1393 inveniri
1386 1360 1518 1395 nullam
1538 1365 1636 1408 pato.
1677 1363 1746 1398 Pro
1774 1364 1898 1400 ultimo

239 1412 409 1447 vocabulo
435 1412 473 1447 111
499 1424 538 1447 eo
565 1413 654 1447 libro
682 1417 754 1448 erat
773 1417 864 1460 post,
894 1415 984 1460 quod
1012 1415 1207 1450 Lambinus
1234 1417 1395 1452 correxit.

289 1471 358 1506 III.
400 1472 432 1506 2.
470 1471 708 1518 I2ztell12qebanz
747 1484 786 1506 ex
811 1484 847 1507 eo
874 1473 954 1519 loco,
982 1474 1014 1508 si
1039 1476 1068 1508 te
1095 1473 1262 1520 haberem,
1285 1486 1386 1522 posse
1414 1488 1464 1510 me
1490 1476 1725 1513 Brundisium
1755 1480 1898 1526 referre.

238 1529 268 1564 E
294 1530 513 1576 praecedenti
540 1530 685 1577 epistola
714 1531 876 1566 novimus
904 1532 1104 1567 Ciceronem
1133 1533 1296 1579 voluisse,
1324 1538 1363 1568 ut
1390 1535 1532 1570 Atticus
1559 1547 1594 1570 se
1621 1548 1722 1582 quam
1747 1538 1898 1585 primum

237 1588 386 1634 (statim)
425 1593 704 1635 consequeretur.
745 1589 836 1624 Eum
872 1590 915 1624 ad
951 1603 986 1625 se
1025 1591 1217 1637 arcessivit,
1258 1596 1297 1626 ut
1336 1592 1457 1627 scribit
1483 1593 1518 1628 in
1547 1606 1598 1641 ep.
1628 1597 1660 1630 4.
1704 1595 1781 1631 Hoc
1808 1597 1899 1632 idem

236 1657 330 1680 nunc
357 1646 554 1681 declaratur
581 1647 710 1681 verbis:
739 1648 771 1682 sl
797 1650 826 1682 le
853 1647 1009 1683 haberem
1036 1660 1081 1684 sc.
1120 1661 1266 1695 mecum,
1294 1650 1323 1684 si
1351 1653 1384 1684 te
1412 1651 1572 1686 comitem
1599 1652 1772 1699 haberem,
1801 1655 1830 1688 si
1857 1660 1895 1690 tu

235 1715 370 1739 mecum
397 1716 499 1740 esses.
528 1705 580 1740 Cf.
608 1705 689 1740 adn.
717 1718 794 1741 mea
821 1706 863 1741 ad
891 1706 999 1742 XIII.
1030 1708 1061 1754 9,
1092 1709 1108 1742 1
1139 1720 1243 1755 qaam
1271 1708 1427 1743 haberem
1455 1709 1669 1745 Dolabellam
1696 1715 1729 1746 et
1744 1712 1895 1748 Cobetus

234 1761 278 1796 ad
305 1762 405 1797 Brut.
433 1762 462 1798 I.
494 1764 549 1809 15,
580 1764 610 1798 1.
639 1763 765 1798 Nescio
792 1764 919 1810 quibus
946 1766 1162 1811 argumentis
1190 1765 1453 1801 Goldbacherus
1481 1768 1669 1803 muniverit
1697 1782 1796 1805 suam
1814 1783 1894 1806 con-

233 1820 416 1855 iecturam:
444 1822 476 1856 si
502 1824 532 1855 te
560 1822 592 1855 in
623 1822 744 1856 itinere
768 1822 923 1857 haberem
935 1837 949 1867 ;
977 1824 1035 1858 sed
1063 1836 1133 1858 non
1160 1829 1246 1871 puto
1273 1825 1500 1871 probabilem.

284 1878 354 1914 III.
391 1881 423 1914 4.
464 1879 516 1914 De
550 1879 614 1914 hac
652 1880 799 1927 epistola
835 1880 1029 1928 disputavit
1055 1883 1099 1917 A.
1128 1882 1172 1917 G.
1201 1882 1384 1929 Zumptius
1411 1883 1447 1918 in
1475 1884 1586 1931 capite
1613 1886 1724 1932 operis
1751 1886 1791 1921 de
1817 1887 1892 1923 iure

233 1937 410 1972 criminali
449 1938 533 1985 reip.
576 1938 658 1984 RQ,
702 1939 791 1985 quod
830 1939 1034 1974 inscribitur
1074 1940 1135 1975 cler
1174 1940 1321 1975 Process
1344 1954 1446 1988 yeyen
1476 1941 1594 1977 Cicero
1620 1943 1687 1979 vol.
1716 1944 1745 1980 I.
1773 1945 1813 1980 P.
1842 1945 1892 1982 II.

233 2007 267 2041 p.
295 1996 365 2030 425
394 2007 487 2042 seqq.
515 1995 558 2030 In
586 1996 766 2031 nonnullis
791 1996 892 2031 rebus
919 1997 963 2032 ab
991 2010 1029 2032 eo
1057 2009 1118 2032 cur
1145 1998 1376 2045 dissentirem,
1404 1999 1563 2047 pluribus
1590 2002 1705 2037 verbis
1719 2002 1892 2040 declaravi

233 2053 270 2087 in
309 2053 498 2089 Academia
538 2054 647 2100 Regia
675 2054 951 2102 disciplinarum.
979 2055 1044 2091 Cff.
1073 2056 1268 2103 Yerslagen
1295 2057 1356 2092 der
1382 2058 1475 2094 Kon.
1503 2059 1619 2095 Akad.
1647 2060 1730 2096 Afd.
1758 2062 1893 2097 Letter-

232 2110 360 2146 kunde.
401 2111 472 2147 Ser.
513 2111 562 2158 II,
605 2111 671 2147 vol.
712 2112 741 2158 I,
782 2125 815 2159 p.
859 2114 1064 2149 185—193.
1105 2114 1221 2150 Verba
1263 2115 1439 2162 epistolae,
1479 2120 1519 2151 ut
1557 2117 1643 2152 mihi
1684 2119 1885 2166 corrigenda

231 2168 405 2215 videntur,
432 2181 620 2216 apponam:
650 2192 695 2195 —
723 2173 760 2204 ut
787 2170 874 2205 mihi
902 2172 995 2206 ultra
1023 2173 1215 2219 quingenta
1242 2173 1342 2207 milia
1378 2173 1493 2208 liceret
1518 2186 1595 2217 esse,
1626 2176 1684 2210 illo
1703 2179 1888 2224 pervenire

231 2239 299 2262 non
337 2227 460 2263 liceret.
503 2227 630 2263 Statim
671 2229 734 2263 iter
769 2229 1003 2265 Brandisizmz
1043 2243 1161 2266 versas
1187 2231 1317 2266 contule?
1343 2235 1421 2267 ante
1447 2233 1536 2268 diem
1563 2235 1762 2282 royatz'one's,
1791 2250 1832 2272 ne
1858 2242 1888 2273 et

231 2284 344 2331 Sicca,
384 2286 480 2333 apud
516 2299 614 2333 quem
636 2299 742 2333 eram,
771 2289 907 2335 periret
937 2293 971 2324 et
997 2290 1087 2336 quod
1114 2290 1257 2325 Melitae
1283 2302 1351 2325 9839
1377 2303 1441 2326 non
1470 2291 1599 2328 licebat.
1639 2293 1683 2328 In
1709 2296 1889 2340 rogatione

230 2348 382 2379 correcta
421 2349 506 2391 erat,
548 2358 591 2379 ne
625 2346 704 2392 quis
731 2346 933 2382 Ciceronem
960 2348 1052 2383 intra
1080 2348 1273 2395 quingenta
1300 2348 1397 2384 milia
1424 2361 1589 2397 passuum
1615 2351 1659 2386 ab
1686 2352 1770 2387 urbe
1797 2358 1887 2390 tecto

230 2402 406 2449 reciperet,
448 2406 487 2437 ut
526 2403 632 2437 tradit
671 2404 765 2439 Plut.
806 2405 844 2439 in
884 2405 954 2441 Cic.
997 2407 1042 2441 32
1078 2411 1111 2441 et
1138 2407 1205 2441 Dio
1231 2406 1453 2443 XXXVIII.
1486 2409 1540 2454 17,
1569 2409 1668 2444 cuius
1695 2411 1762 2445 tria
1789 2412 1887 2448 milia

227 2459 449 2506 septingenta
487 2460 743 2507 quinquaginta
782 2462 893 2496 stadia
929 2463 1032 2510 plane
1067 2464 1276 2511 respondent
1310 2464 1512 2510 quingentis
1539 2466 1681 2502 milibus
1707 2479 1887 2514 passuum.

228 2518 321 2553 Nam
348 2518 412 2552 etsi
439 2518 650 2553 Plutarchus
677 2519 714 2554 in
741 2519 779 2555 C.
808 2519 967 2555 Graccho
997 2522 1015 2556 7
1044 2522 1194 2557 affirmat
1220 2525 1263 2559 τὸ
1286 2524 1417 2569 μίλιον
1444 2526 1543 2561 ὀκτὼ
1567 2525 1736 2563 σταδίων
1754 2529 1887 2576 ὀλίγον
