2163 3020
445 259 756 290 OBSERVATIONES
778 259 953 288 CRITIOAE
975 260 1027 289 AD
1050 261 1086 290 M.
1112 261 1241 290 TULLII
1263 262 1464 290 CICERONIS
1488 262 1702 292 EPISTOLAS.
1870 258 1914 292 21

293 359 341 394 X.
384 359 416 405 1,
459 359 490 394 1.
529 359 654 405 Itaque
678 358 766 393 milu‘
791 358 963 392 maximae
988 370 1092 393 curae
1118 362 1175 405 est,
1205 371 1271 394 non
1298 359 1338 394 de
1365 372 1437 394 mea
1464 361 1600 407 quidem
1627 362 1698 397 vita
1725 367 1788 398 cet.
1829 364 1907 400 Aut

244 429 323 452 cum
350 416 523 451 Lambino
550 416 590 451 de
615 416 800 451 delendum
827 419 890 462 est,
918 419 956 450 ut
984 428 1055 451 mea
1084 417 1153 451 vita
1174 417 1234 452 fiat
1249 418 1442 452 subiectum
1457 419 1660 466 sententiae,
1677 423 1738 455 aut
1754 421 1909 456 scriben-

243 475 328 510 dum
354 476 507 510 maxima
533 487 630 511 cura.

290 534 339 570 X.
381 535 413 581 6,
451 535 483 569 3.
525 533 620 578 Quae
658 536 695 568 tu
736 534 771 568 ιή
803 533 1005 580 eoeperiendo
1044 534 1082 568 in
1108 545 1146 568 ea
1172 534 1315 580 ratione,
1343 546 1431 581 quae
1456 538 1486 569 te
1511 535 1618 582 eliqua
1645 539 1702 582 est,
1731 550 1812 572 vera
1839 550 1910 574 esse

244 604 428 640 coqnosces.
455 592 511 627 Sic
537 592 630 627 Med.
658 591 776 637 Vulgo
803 591 920 626 delent
946 591 1095 626 alterum
1125 592 1171 627 ἱη.
1200 591 1266 627 Sed
1293 592 1397 638 longe
1412 592 1546 627 felicior
1560 597 1612 628 est
1630 594 1778 641 Kleynii
1791 608 1908 632 emen-

244 651 338 686 datio
367 652 453 686 inita
482 651 625 686 ratione.
654 650 784 685 Eadem
812 650 986 685 locutione
1013 650 1133 685 Cicero
1159 662 1242 685 usus
1270 654 1322 685 est
1348 651 1446 686 Fam.
1474 650 1520 686 V.
1549 652 1606 698 20,
1636 653 1668 687 4.
1697 653 1798 689 Vei-r.
1820 655 1902 692 Act.

246 722 313 745 sec.
342 710 413 745 III.
444 710 525 744 110.
553 709 594 744 de
621 708 687 755 leg.
713 720 786 754 agr.
814 708 864 743 II.
895 709 952 744 67.

294 768 342 803 X.
373 769 429 814 12,
459 769 490 802 2.
530 767 679 802 Interim
705 766 750 801 ad
776 778 827 801 me
856 766 944 800 venit
970 765 1022 801 M.
1050 768 1172 812 noster,
1198 768 1235 801 ut
1261 769 1439 800 consuerat
1449 779 1460 801 .·
1486 769 1521 801 at
1543 779 1601 814 eqo
1626 768 1657 802 ei
1670 768 1803 804 litteras
1816 773 1905 818 tuas,

246 826 420 861 nihildum
448 826 539 860 euim
564 824 698 860 sciebat.
737 824 926 859 Verissime
952 825 1089 860 monuit
1117 825 1176 860 W.
1204 828 1240 859 at
1266 837 1283 859 e
1310 824 1548 872 dittographia
1574 829 1688 861 ortum
1715 827 1836 863 videri.
1855 829 1907 864 Eo

243 883 356 919 deleto
383 896 444 931 pro
472 895 529 930 eya
557 883 707 918 scribam
737 883 819 930 leyo,
848 895 956 928 quum
982 883 1080 917 verbi
1116 883 1248 930 ellipsis
1276 883 1394 918 durior
1422 883 1477 919 sit.
1518 884 1610 919 Nam
1638 885 1729 931 quod
1756 886 1793 920 in
1820 899 1907 922 non-

245 942 355 977 nullis
391 942 490 977 editt.
531 944 609 989 post
649 941 782 976 litteras
819 943 897 975 tuas
934 940 1093 975 additum
1119 944 1171 976 cst
1197 941 1277 976 dedi
1302 941 1358 976 vel
1385 942 1526 989 ostendi,
1555 943 1653 978 nulla
1681 944 1762 979 libri
1788 946 1909 993 scripti

242 1000 450 1036 auctoritate
477 1000 614 1034 nititur.

293 1058 341 1093 X.
372 1059 428 1104 18,
458 1059 489 1093 3.
544 1058 640 1093 Duas
680 1061 812 1092 veteres
853 1057 1070 1092 coniecturas
1109 1057 1152 1091 ab
1189 1057 1379 1092 editoribus
1406 1058 1513 1106 recipi
1540 1060 1731 1106 oportebat,
1759 1061 1907 1098 alteram

243 1116 297 1152 Cl.
337 1116 488 1151 Puteaui
525 1116 562 1150 in
602 1116 718 1150 verbis
745 1116 777 1149 si
803 1115 888 1162 quid
916 1115 1010 1149 intra
1036 1118 1143 1150 eutem
1179 1115 1290 1149 subest
1317 1115 1470 1150 vulneris
1497 1116 1659 1151 ultimam
1686 1130 1804 1154 vocem
1831 1132 1906 1155 mu-

242 1174 352 1209 tantis
379 1175 416 1209 in
444 1174 579 1220 ulceris,
607 1173 753 1208 alteram
779 1173 884 1208 Bern.
912 1173 1042 1208 Rutilii
1067 1185 1129 1220 pro
1156 1174 1228 1207 «nisi
1253 1185 1322 1208 uno
1349 1173 1418 1208 loco
1444 1186 1495 1209 me
1521 1178 1667 1210 tenerem
1687 1177 1906 1214 coniicientis

243 1233 315 1267 uisi
341 1245 408 1267 uno
435 1232 504 1267 loco
532 1235 739 1267 metarentur
766 1244 801 1267 o:
830 1232 899 1266 nisi
927 1244 1006 1266 cum
1034 1232 1167 1279 Lepido
1195 1245 1249 1268 me
1277 1232 1526 1279 coniungerem
1553 1247 1692 1281 unaque
1719 1240 1833 1272 castra
1846 1238 1907 1273 ha-

243 1291 413 1326 beremus.
466 1290 559 1325 Nam
591 1290 687 1325 aliud
715 1293 767 1325 est
793 1290 884 1336 quod
911 1290 1061 1336 legimus
1089 1291 1127 1325 in
1154 1303 1205 1337 ep.
1237 1292 1294 1337 23,
1325 1292 1356 1326 1.
1385 1292 1457 1326 nisi
1485 1304 1550 1327 uno
1577 1293 1646 1328 loco
1673 1306 1785 1340 essem,
1814 1296 1905 1342 quod

242 1349 393 1384 relatum
428 1349 471 1384 ad
505 1361 543 1384 ea
584 1360 672 1395 quae
708 1352 902 1395 sequuntur
928 1348 1019 1383 nihil
1045 1349 1141 1384 aliud
1169 1349 1313 1396 indicat,
1343 1362 1448 1396 quam
1475 1351 1545 1386 nisi
1571 1364 1650 1387 cum
1676 1353 1808 1400 Lepido
1835 1368 1904 1391 uno

241 1407 317 1443 loco
345 1420 465 1443 essem.
493 1407 647 1442 Plancus
674 1411 792 1442 tamen
818 1406 943 1442 melius
971 1407 1062 1453 quod
1089 1407 1194 1442 vellet
1221 1407 1440 1455 declarasset,
1463 1409 1491 1443 si
1510 1410 1720 1457 scripsisset:
1748 1413 1819 1447 nisi
1836 1425 1904 1449 uuo

241 1465 312 1501 loco
339 1478 494 1501 essemus,

290 1525 339 1561 X.
370 1526 427 1571 24,
458 1526 489 1560 1.
542 1524 641 1559 blato
660 1536 828 1571 praeseus
853 1524 1079 1570 observantia,
1110 1524 1335 1572 indulyentc'a,
1363 1525 1567 1560 assiduitate
1583 1538 1762 1563 memorem
1777 1541 1828 1564 me
1841 1530 1906 1566 tibi

233 1583 398 1631 probare.
425 1583 652 1629 Imlulyeutia
678 1582 722 1617 ab
749 1582 784 1617 h.
812 1582 835 1617 l.
863 1582 979 1617 aliena
1007 1582 1165 1629 videtur,
1194 1595 1274 1618 nam
1304 1583 1364 1618 ubi
1390 1595 1452 1631 pro
1480 1584 1646 1632 obsequz'O,
1677 1587 1767 1632 quod
1785 1588 1901 1635 ipsum

239 1641 302 1676 vix
329 1644 450 1688 aptum
477 1644 576 1687 esset,
604 1644 756 1688 ponatur
782 1652 853 1675 non
880 1640 1034 1675 invenio.
1063 1640 1258 1676 Lambinus
1285 1641 1377 1676 idem
1403 1645 1531 1688 putans
1546 1643 1693 1678 coniecit
1707 1644 1899 1692 (lile'yentc‘a.

242 1699 333 1735 Mihi
360 1699 472 1745 magis
498 1699 612 1746 placet
640 1699 826 1734 industria.
853 1699 1011 1734 Eandem
1037 1699 1272 1734 coniecturam
1299 1700 1337 1734 in
1363 1699 1464 1735 Verr.
1491 1701 1572 1736 Act.
1601 1713 1666 1737 see.
1694 1703 1724 1738 I.
1755 1705 1823 1739 112
1850 1705 1901 1741 fa-

241 1757 349 1792 cienti
382 1757 524 1792 Herelio
564 1760 654 1792 recte
694 1769 765 1792 non
792 1757 925 1792 assensi
953 1761 1036 1792 sunt
1063 1757 1222 1793 editores.
1276 1758 1369 1793 Nam
1396 1758 1445 1792 ibi
1473 1770 1583 1794 sermo
1610 1763 1662 1794 est
1688 1760 1730 1795 de
1755 1763 1900 1799 caritate

241 1816 351 1863 patris
391 1816 427 1850 in
466 1815 585 1861 filiam,
626 1820 785 1862 recteque
823 1815 1005 1862 dilessyentia
1034 1815 1314 1863 e'mlulyente'aque
1341 1816 1560 1863 copulantur.
1612 1817 1690 1852 Hoc
1718 1831 1797 1854 vero
1823 1820 1898 1856 loco

241 1874 333 1909 inter
359 1874 616 1909 observantiam
644 1877 677 1908 et
703 1874 944 1909 assiduitatem
971 1874 1144 1909 industria
1171 1875 1350 1922 aptissime
1378 1875 1627 1911 nominabitur.
1667 1876 1712 1911 In
1739 1880 1898 1925 sequenti

241 1933 414 1968 sententia
451 1933 556 1968 verba
595 1933 630 1966 iu
660 1936 719 1967 tua
755 1932 981 1979 observantia,
1012 1933 1238 1980 iuclulyentia,
1267 1933 1472 1968 assiduitate
1499 1946 1568 1968 non
1596 1935 1810 1984 corrigenda,
1838 1938 1898 1974 sed

238 1990 387 2026 delenda
413 2002 486 2025 esse
513 2002 646 2026 censeo.
674 1990 716 2025 cf.
745 1991 973 2037 YVesenberg,
1010 1991 1088 2026 Em.
1116 1991 1177 2026 alt.
1205 2004 1238 2039 p.
1268 1992 1312 2026 35
1341 2004 1390 2038 sq.

290 2049 337 2084 X.
367 2050 425 2095 31,
455 2050 487 2083 2.
543 2048 656 2092 Quum
683 2061 751 2083 uon
777 2049 891 2083 liceret
917 2049 1004 2083 milei
1030 2049 1161 2084 nullius
1181 2050 1302 2096 partis
1328 2061 1406 2095 esse,
1434 2050 1518 2096 quia
1545 2049 1730 2098 utrubique
1755 2064 1898 2099 maynos

239 2107 398 2141 inimicos
424 2106 596 2153 habebam,
629 2118 666 2141 ea
694 2110 809 2142 castra
837 2107 927 2154 fuyz',
956 2110 1020 2142 eto.
1049 2107 1085 2142 Si
1112 2107 1261 2142 Asinius
1288 2107 1388 2142 Polio
1415 2108 1465 2142 ita
1492 2108 1641 2156 scripsit,
1670 2110 1818 2156 turpiter
1843 2124 1894 2147 er-

238 2165 341 2200 ravit.
368 2165 459 2200 Nam
487 2177 594 2211 quum
621 2177 664 2199 ex
691 2165 734 2199 iis
761 2177 849 2212 quae
876 2166 1033 2212 proxime
1060 2165 1146 2200 haec
1172 2166 1278 2200 verba
1303 2166 1525 2213 praecedunt,
1554 2170 1629 2201 tum
1655 2180 1698 2202 ex
1724 2169 1894 2206 vocabulo

238 2222 423 2270 utrubique
460 2223 684 2258 manifestum
712 2227 763 2258 est
789 2223 846 2269 agi
872 2223 913 2258 de
940 2224 1098 2271 partibus
1126 2224 1283 2259 Caesaris
1309 2228 1343 2258 et
1369 2224 1524 2272 Pompei.
1552 2225 1644 2271 Ergo
1671 2226 1809 2273 scripsit
1836 2228 1892 2264 vel

237 2281 387 2316 scribere
413 2281 532 2316 debuit
559 2282 716 2316 neutrius
735 2282 866 2328 partes
907 2281 1003 2325 Quae
1030 2282 1207 2317 adduntur
1233 2283 1316 2329 quia
1343 2304 1390 2307 —
1418 2282 1580 2317 habebam
1605 2295 1675 2318 non
1701 2284 1893 2334 explicant,

237 2352 299 2375 cur
336 2351 407 2374 non
445 2339 564 2374 liceret
599 2340 756 2375 neutrius
795 2340 905 2387 partis
941 2352 1024 2376 esse.
1074 2340 1167 2375 Nam
1194 2340 1223 2375 si
1248 2341 1285 2375 in
1312 2344 1459 2387 utraque
1484 2344 1582 2387 parte
1607 2353 1729 2387 graves
1755 2342 1893 2381 inimici

236 2401 362 2444 essent,
403 2397 549 2432 debebat
588 2398 704 2444 potius
743 2398 786 2432 ad
814 2402 977 2433 neutrum
1004 2411 1039 2433 se
1066 2399 1240 2446 applicare
1267 2410 1453 2445 eorumque
1480 2398 1678 2446 exemplum
1705 2401 1802 2447 sequi
1829 2402 1892 2448 qui

235 2456 328 2491 domi
354 2460 569 2490 manserunt.
597 2456 738 2490 Nodum
767 2457 946 2491 solvamus
974 2469 1053 2491 cum
1079 2457 1109 2492 I.
1137 2457 1177 2492 F.
1206 2456 1384 2492 Gronovio
1410 2469 1472 2504 pro
1498 2458 1581 2504 quia
1609 2457 1798 2494 scribentes
1817 2461 1890 2508 qui,

236 2517 270 2549 et
294 2514 380 2549 haec
406 2514 511 2549 verba
538 2513 723 2549 referentes
749 2514 793 2549 ad
819 2527 859 2549 ea
881 2527 969 2561 quae
996 2518 1190 2561 sequuntur
1216 2527 1255 2549 ea
1281 2517 1397 2549 castra
1424 2514 1506 2562 fuyc'
1533 2518 1597 2551 etc.
