2163 3020
610 597 1204 667 OBSERVATIONES
1251 601 1588 668 CRITIGAE

1044 767 1146 834 AD

379 931 452 998 M.
510 932 798 1000 TULLII
857 934 1291 1004 CICERONIS
1350 936 1811 1003 EPISTOLAS.

915 1327 1192 1369 CAPUT
1239 1329 1274 1370 I.

314 1439 577 1467 EPISTOLARUM
602 1441 653 1467 AD
680 1441 909 1468 FAMILIARES
934 1442 1038 1469 LIBRI
1065 1442 1197 1469 PASSIM
1223 1443 1482 1471 EMENDANTUR
1512 1445 1556 1472 ET
1585 1446 1864 1474 EXPLICANTUR.

315 1527 344 1564 Ι.
375 1530 406 1576 1,
436 1530 468 1565 2.
520 1529 768 1566 Marcellinum
795 1530 859 1566 tibi
884 1542 952 1566 esse
977 1531 1109 1566 iratum
1135 1532 1219 1568 sce's:
1247 1533 1276 1568 is
1301 1532 1364 1568 hac
1390 1534 1488 1582 reyz'a
1513 1546 1618 1570 causa
1645 1538 1779 1584 excepta
1801 1538 1921 1574 ceteris

263 1587 301 1623 in
327 1587 428 1623 rebus
453 1599 487 1623 se
525 1590 735 1624 acerrimum
769 1589 822 1625 tui
857 1588 1069 1636 defensorem
1095 1589 1172 1636 fore
1198 1591 1352 1627 ostendit.
1407 1592 1477 1637 Qui
1503 1592 1541 1628 iu
1569 1606 1640 1629 una
1666 1606 1702 1629 re
1729 1594 1773 1630 ab
1800 1594 1917 1642 aliquo

263 1644 434 1692 dissentit,
462 1645 561 1694 eique
587 1647 728 1694 resistit,
757 1647 794 1682 in
820 1647 943 1683 ceteris
969 1647 1135 1684 acerrime
1162 1660 1241 1684 eum
1266 1649 1448 1686 defendere
1466 1651 1562 1699 cupit
1578 1651 1681 1699 idque
1696 1663 1778 1700 prae
1791 1663 1827 1688 se
1840 1652 1917 1701 fert,

262 1706 419 1751 potestne
446 1704 477 1739 ei
504 1705 619 1741 iratus
645 1717 718 1741 esse
745 1705 835 1740 dici?
861 1705 943 1741 Non
969 1706 1080 1753 credo,
1108 1718 1171 1742 nec
1198 1707 1343 1743 credidit
1380 1708 1430 1744 Io.
1459 1708 1671 1746 Schraderus
1697 1722 1759 1758 pro
1786 1711 1919 1747 iratum

263 1761 451 1798 coniiciens
476 1774 628 1810 manem.
656 1763 721 1799 Sed
748 1763 814 1799 hac
841 1765 1052 1800 correctione
1078 1765 1266 1801 difficultas
1294 1779 1364 1802 non
1393 1767 1540 1815 tollitur,
1556 1769 1624 1804 nisi
1647 1769 1787 1804 additur
1803 1769 1841 1804 in
1854 1769 1919 1805 hac

262 1830 367 1855 causa
393 1820 448 1855 vel
475 1820 619 1868 aliquid,
649 1834 716 1868 quo
743 1821 917 1857 indicetur
941 1822 1006 1858 hoc
1033 1823 1197 1870 restringi
1222 1824 1265 1859 ad
1292 1825 1401 1860 solam
1428 1826 1665 1872 quaestionem
1693 1827 1734 1862 de
1761 1839 1839 1873 rege
1866 1839 1919 1864 re·

262 1877 429 1914 ducendo.
481 1879 644 1915 Veterem
687 1879 931 1922 coniecturam,
976 1893 1045 1928 qua
1083 1894 1144 1929 pro
1171 1882 1235 1918 tibi
1261 1882 1425 1918 scribitur
1451 1884 1536 1932 γεμί,
1569 1896 1647 1920 cum
1674 1884 1916 1933 Martyni-La-

261 1948 355 1983 guna
386 1940 419 1972 et
454 1937 617 1973 Schutzio
642 1938 833 1986 probarem,
875 1939 943 1974 nisi
977 1939 1040 1974 tibi
1065 1940 1179 1987 potius
1206 1953 1245 1976 eo
1272 1941 1420 1988 duceret,
1449 1945 1488 1977 ut
1514 1942 1753 1978 Ptolemaeum
1780 1943 1914 1978 Romae

261 1995 305 2030 ab
331 1995 538 2030 adversariis
564 2008 608 2031 ex
634 1996 838 2042 cognomine
867 1997 1086 2044 designatum
1114 2010 1187 2034 esse
1213 1999 1437 2045 crederemus,
1466 1999 1584 2046 itaque
1599 2000 1822 2035 scribendum
1836 2011 1915 2035 cum

260 2053 336 2088 viro
365 2053 464 2089 docto
490 2054 534 2089 ab
562 2054 693 2090 Orellio
720 2054 757 2089 in
783 2055 834 2090 ed.
867 2057 883 2090 1
913 2055 1073 2091 laudato:
1102 2057 1349 2093 sssarcellc'nmn
1377 2057 1512 2093 tibicina·
1538 2069 1606 2093 esse
1633 2059 1765 2093 1ι’ναιῖἰιφνι
1791 2059 1868 2094 seis.

309 2110 339 2147 I.
367 2112 400 2157 4,
434 2113 464 2147 1.
519 2111 633 2156 Quum
673 2133 718 2138 --
759 2125 867 2148 mmm
901 2117 1069 2149 certamen
1103 2118 1185 2150 esset
1218 2115 1375 2151 relictum
1400 2116 1567 2152 sententia
1599 2115 1765 2151 Volcaca‘i.
1817 2115 1915 2152 Haec

259 2168 429 2205 librorum
456 2169 540 2206 Mss.
569 2170 741 2217 scriptura
767 2183 849 2206 vera
875 2176 975 2219 esset,
1004 2172 1033 2208 si
1059 2175 1227 2209 certamen
1253 2177 1369 2221 posset
1395 2173 1548 2210 indicare
1561 2174 1596 2209 id
1612 2174 1735 2221 dequo
1751 2177 1913 2221 certatur,

260 2227 459 2262 certaminis
487 2228 670 2269 obiectum,
699 2228 754 2263 cui
782 2229 989 2276 explicando
1016 2230 1200 2266 inserviret
1222 2243 1282 2279 per
1296 2231 1549 2279 appositionem
1563 2232 1728 2267 sententia
1748 2231 1912 2268 Volcacii.

261 2283 327 2320 Sed
353 2284 418 2319 hoc
444 2288 496 2320 est
522 2290 713 2333 poetarum,
741 2290 781 2322 ut
807 2286 845 2321 in
872 2287 976 2324 Corn.
1004 2288 1121 2324 Severi
1148 2290 1189 2325 de
1216 2291 1334 2325 Aetna
1360 2302 1394 2325 v,
1424 2291 1519 2325 1-4
1544 2290 1659 2325 Aetna
1676 2289 1764 2325 mihi
1778 2301 1916 2325 —car-

260 2353 336 2378 men
362 2343 438 2379 erit.
479 2344 591 2379 Paulo
618 2344 720 2380 aliter
747 2345 784 2380 in
810 2345 961 2393 Vergilii
987 2347 1062 2383 Ecl.
1090 2348 1176 2395 VII,
1208 2350 1264 2396 16,
1292 2348 1353 2384 ubi
1379 2348 1526 2395 legimus
1552 2348 1600 2384 Et
1624 2350 1792 2383 certamen
1818 2351 1916 2384 erant

262 2398 422 2448 Corydon
461 2412 537 2436 cum
583 2401 755 2449 Thyrside
793 2414 968 2451 mammam,
1010 2404 1076 2453 ipsi
1109 2409 1282 2441 certantes
1309 2409 1479 2441 vocantur
1505 2408 1684 2442 certamen.
1737 2405 1915 2442 Ciceronis

259 2468 332 2493 esse
357 2461 461 2506 puto:
491 2480 536 2484 ——
564 2461 732 2495 certamen
763 2464 844 2496 esset
875 2462 1033 2498 relictum
1058 2474 1135 2498 cum
1161 2464 1326 2499 sententia
1352 2463 1409 2510 V„
1437 2467 1476 2499 ut
1503 2463 1778 2510 Wesenbergius
1806 2463 1915 2500 edidit

258 2514 350 2551 male
377 2519 455 2564 post
481 2516 640 2552 relictum
666 2517 927 2554 distinctionem
954 2520 1095 2557 addens.

1724 2579 1777 2612 8*
