2163 3020
229 194 252 227 S
431 204 745 234 OBSERVATIONES
766 204 942 235 CRITICAE
963 205 1016 234 AD
1038 206 1076 235 M.
1100 205 1232 235 TULLII
1252 205 1452 235 CICERONIS
1474 205 1689 235 EPISTOLAS.

225 301 343 339 rabor.
371 303 482 339 Miror
508 303 684 339 neminem
711 303 970 351 obtemperasse
997 303 1153 342 Graevio
1180 302 1231 339 ibt
1255 305 1339 338 ante
1358 313 1557 351 perpaucos
1583 301 1735 339 inserere
1749 302 1903 340 iubenti.

225 359 308 397 Non
335 366 427 398 recte
453 362 563 408 abest,
591 362 650 398 sed
677 361 816 398 facilius
844 366 929 399 ante
955 363 1030 399 dies
1056 361 1189 409 negligi
1216 360 1342 410 potuit.

275 420 346 457 ΠΙ.
377 423 410 467 6,
439 422 472 457 3.
532 421 701 469 Trlqinta
737 420 868 469 diebus,
897 423 958 470 qul
984 421 1048 458 tibi
1073 421 1121 457 ad
1147 419 1373 456 decedendum
1400 419 1480 468 leqe,
1507 423 1545 455 nt
1570 420 1707 468 opinor,
1737 418 1901 457 Cornelia

221 479 399 515 constituti
424 483 542 517 essent.
579 480 712 527 Cicero,
740 481 801 528 qui
826 481 957 530 optime
983 481 1116 518 sciebat
1142 479 1226 528 quid
1253 479 1292 515 in
1317 478 1394 526 lege
1419 478 1596 526 Cornelia,
1625 490 1732 527 quam
1759 478 1899 528 saepius

222 536 344 573 laudat
371 539 409 574 in
435 539 492 575 his
518 539 561 576 ad
589 540 749 588 Appium
777 541 939 589 epistolis
967 540 1053 588 (ΙΙΙ.
1083 542 1116 587 6,
1146 540 1179 575 6.
1210 539 1267 586 10,
1297 538 1345 585 6),
1371 538 1538 586 scriptum
1555 541 1657 585 esset,
1675 549 1746 574 non
1766 538 1902 575 addidit

223 598 260 630 ut
285 597 423 644 opinor.

272 654 342 691 ΙΠ.
373 656 405 702 7,
435 658 468 692 5.
529 655 574 692 Ut
612 657 699 704 qnid
733 657 779 692 sit
815 659 1000 706 ev'ye'vsca,
1027 655 1112 704 qnid
1137 656 1184 691 sit
1210 655 1386 702 nobilitas,
1415 654 1601 702 'z‘nlelliqas
1632 654 1750 698 Quum
1777 654 1901 696 Cicero

223 714 440 762 scripsisset:
472 718 508 750 ut
541 715 626 763 qnid
651 716 697 750 sit
723 718 894 765 εὐγένεια
927 715 1112 763 intelligas,
1140 727 1225 751 usus
1252 714 1423 750 vocabulo
1450 714 1596 761 Graeco,
1624 714 1715 762 quod
1729 714 1774 750 ab
1787 714 1900 751 Athe-

224 772 354 808 nodoro
382 773 624 810 definitionem
656 775 842 823 petendam
870 775 1002 822 scribit,
1031 774 1159 822 aliquis
1174 775 1212 810 in
1227 774 1386 821 margine
1399 773 1724 822 interpretationem
1736 773 1901 809 nobilitas

222 829 418 879 adscripsit,
447 835 486 867 ut
513 833 645 869 factum
673 838 725 869 est
752 834 788 869 in
816 834 892 870 cod.
920 834 1051 880 Amst.‚
1080 834 1118 869 in
1145 846 1213 881 quo
1240 832 1412 868 vocabulo
1438 843 1562 879 graeco
1577 831 1731 879 spatium
1747 843 1900 868 vacuum

223 894 275 924 est
301 890 475 938 relictum,
502 892 539 926 in
567 892 725 940 margine
752 894 905 941 positum
930 893 1105 929 nobilitas.
1133 893 1274 941 Appius
1289 891 1413 940 opinor
1426 891 1559 928 Graece
1574 891 1659 927 satis
1675 891 1798 927 doctus
1812 894 1898 938 erat,

220 952 260 984 ut
287 961 358 984 non
385 951 580 985 monendus
608 955 699 986 esset
725 955 922 1000 εὐγένειαν
965 952 1094 988 Latine
1119 952 1188 987 dici
1216 951 1441 987 nobilitatem.
1480 950 1575 996 Ergo
1601 949 1786 986 deleantur
1809 949 1894 998 quid

220 1007 265 1041 sit
292 1006 466 1043 nobilitas.

270 1065 334 1101 IV.
364 1067 396 1112 1,
425 1067 458 1102 2.
512 1066 582 1102 Res
611 1067 702 1102 vides
729 1079 793 1115 quo
820 1068 919 1103 modo
946 1080 980 1103 se
1003 1068 1136 1104 habeat.
1164 1067 1280 1114 Magis
1305 1067 1515 1103 Tullianum
1528 1070 1583 1102 est
1596 1066 1688 1114 quod
1702 1066 1737 1102 J.
1753 1066 1793 1102 F.
1809 1065 1899 1102 Gro-

223 1123 349 1159 novius
371 1123 415 1159 ad
444 1123 611 1160 Senecam
639 1126 681 1161 de
708 1126 830 1162 Benef.
859 1126 925 1173 IV,
956 1127 1002 1162 32
1030 1130 1064 1162 et
1091 1126 1169 1163 Jac.
1197 1126 1403 1162 Perizonius
1419 1125 1463 1161 ad
1480 1124 1615 1160 Sanctii
1631 1125 1830 1160 Minervam
1846 1124 1897 1171 ΙΙ,

222 1183 242 1217 5
270 1182 307 1217 in
334 1183 415 1218 adn.
444 1185 465 1218 5
494 1184 640 1219 laudant
665 1184 753 1220 Rem
783 1185 885 1232 vides,
912 1197 976 1233 qno
1002 1186 1102 1221 modo
1128 1198 1163 1221 se
1189 1185 1320 1221 habeat.
1348 1184 1391 1220 cf.
1419 1183 1461 1219 de
1488 1183 1553 1219 hac
1567 1182 1728 1230 enallage
1743 1183 1898 1219 nominis

220 1240 421 1276 Gronovius
448 1246 482 1277 et
508 1242 819 1278 Drakenborchius
846 1243 889 1279 ad
921 1244 1001 1280 Liv.
1030 1244 1080 1290 Π,
1109 1245 1168 1291 57,
1199 1245 1233 1279 3.
1263 1243 1385 1279 Madv,
1423 1242 1486 1279 Gr.
1514 1241 1575 1278 lat.
1604 1242 1623 1288 ξ
1651 1241 1722 1277 474
1750 1241 1896 1290 interpr.

220 1311 327 1335 meae.
356 1299 474 1335 Aliter
501 1300 621 1336 Cicero
649 1301 864 1350 scripsisset:
893 1302 964 1338 Res
991 1314 1055 1351 quo
1083 1302 1180 1338 modo
1207 1314 1241 1338 se
1267 1301 1389 1337 habeat
1407 1300 1501 1337 vides
1514 1303 1576 1336 aut
1598 1299 1705 1335 Vides
1717 1311 1781 1347 quo
1796 1299 1896 1335 modo

221 1369 275 1393 res
300 1369 334 1393 se
360 1357 491 1394 habeat.
520 1359 586 1394 Sed
612 1372 719 1407 quum
746 1360 811 1396 hoc
838 1361 914 1396 loco
941 1373 1012 1396 non
1040 1362 1082 1397 de
1109 1374 1180 1397 una
1207 1373 1254 1408 re,
1282 1373 1406 1396 verum
1432 1360 1474 1395 de
1488 1359 1654 1395 universo
1669 1370 1786 1394 rerum
1801 1361 1896 1395 statu

219 1427 330 1451 sermo
358 1416 414 1462 sit,
443 1429 523 1452 cum
550 1417 702 1453 Graevio
729 1418 970 1454 scribendum:
1000 1420 1070 1455 Res
1099 1419 1191 1455 rides
1217 1418 1383 1468 quomodo
1408 1430 1444 1454 se
1471 1417 1630 1453 habeant.

271 1473 337 1509 IV.
367 1475 399 1520 3,
431 1476 462 1510 1.
519 1475 614 1520 Quae
639 1480 720 1512 esset
748 1480 808 1512 tua
838 1478 875 1513 in
902 1478 962 1513 hoc
982 1478 1155 1526 pestifero
1170 1478 1253 1514 bello
1267 1477 1414 1513 carendo
1429 1479 1458 1513 et
1464 1475 1701 1525 praedicendo
1714 1475 1897 1511 sententia.

220 1532 337 1577 Quum
365 1545 486 1569 cavere
514 1534 646 1570 bollum
672 1536 786 1572 maius
814 1537 860 1571 sit
886 1540 920 1572 et
947 1537 1125 1573 difficilius
1140 1537 1311 1573 efficiatur
1325 1548 1431 1584 quam
1446 1535 1645 1584 praedicere
1663 1533 1807 1581 bellum,
1822 1533 1898 1581 ipse

220 1591 302 1627 ordo
330 1592 515 1628 verborum
542 1594 763 1629 commendat
791 1594 909 1630 Rossii
936 1596 1185 1642 coniecturam,
1221 1595 1281 1643 qui
1309 1594 1386 1630 sine
1412 1593 1487 1630 ulla
1513 1592 1736 1629 dubitatione
1756 1593 1897 1640 praeci-

221 1649 330 1685 dendo
356 1650 542 1697 legendum
569 1653 727 1699 putabat,
756 1653 904 1689 laudans
932 1666 976 1690 ex
1002 1655 1152 1690 Horatio
1179 1655 1339 1690 Antenor
1364 1656 1472 1689 censet
1499 1652 1579 1688 belli
1597 1650 1803 1700 praecidere
1816 1662 1892 1686 cau-

222 1720 307 1755 sam,
336 1710 502 1757 verbique
529 1723 631 1746 usum
658 1712 777 1747 Tullio
804 1713 988 1748 vindicans
1017 1714 1199 1761 exemplis,
1227 1726 1316 1761 quae
1343 1725 1362 1749 e
1388 1711 1513 1748 lexicis
1538 1710 1610 1759 peti
1635 1712 1793 1758 possunt.

273 1767 337 1803 IV.
366 1771 398 1813 4,
429 1770 461 1804 2.
522 1769 556 1804 V
558 1771 618 1804 itio
635 1792 681 1796 —
703 1772 876 1818 victoriae,
905 1784 990 1819 quae
1015 1772 1176 1808 civilibus
1203 1772 1298 1807 bellis
1311 1782 1443 1819 semper
1457 1773 1504 1806 est
1517 1770 1677 1806 insolens.
1705 1769 1789 1805 Sine
1802 1768 1896 1803 iusta

222 1839 326 1863 causa
363 1827 540 1875 Kleynius
568 1828 666 1875 (Obs.
695 1831 772 1866 crit.
801 1843 834 1878 p.
864 1831 926 1877 48)
966 1832 1169 1879 proscripsit
1196 1832 1320 1867 verba:
1358 1842 1444 1878 qnae
1469 1851 1516 1856 —-
1546 1829 1705 1865 insolens.
1734 1827 1894 1863 Victoria

222 1889 349 1920 natura
388 1897 450 1921 sua
486 1890 538 1921 est
566 1887 721 1923 insolens
748 1892 782 1923 et
809 1889 969 1936 superba,
998 1893 1037 1924 ut
1064 1890 1193 1925 dicitur
1220 1890 1257 1925 in
1285 1901 1333 1926 or.
1361 1901 1424 1937 pro
1450 1888 1561 1924 Marc.
1591 1888 1623 1934 9,
1654 1886 1712 1922 sed
1740 1886 1894 1921 maxime

227 1944 308 1980 talis
337 1950 389 1979 est
416 1945 453 1979 in
477 1945 642 1982 civilibus
663 1947 777 1983 bellis.
805 1948 871 1983 Sed
898 1950 1109 1997 praepositio
1139 1951 1172 1985 in
1201 1962 1272 1985 non
1298 1949 1411 1995 magis
1425 1948 1461 1984 h.
1475 1947 1499 1983 l.
1513 1947 1634 1983 abesse
1648 1949 1772 1994 potest,
1788 1957 1896 1993 quam

221 2003 259 2039 in
286 2003 465 2039 simillimo
493 2016 536 2039 ex
562 2018 614 2053 cp.
645 2007 664 2041 9
692 2006 727 2042 h.
744 2006 779 2048 1.,
807 2007 867 2042 ubi
895 2012 985 2043 recte
1027 2013 1098 2044 est:
1143 2008 1269 2045 Omnia
1308 2011 1389 2044 sunt
1427 2007 1557 2043 misera
1596 2007 1632 2042 in
1660 2005 1757 2041 bellis
1783 2004 1894 2040 civili-

221 2060 283 2097 bus
309 2083 354 2087 ——
382 2061 440 2096 sed
467 2063 629 2098 miserius
655 2064 746 2099 nihil
772 2077 875 2113 quam
904 2067 980 2114 ilisa
1008 2067 1164 2103 victoria.

270 2119 336 2155 IV.
365 2122 397 2165 4,
427 2122 460 2155 5.
514 2121 583 2155 Res
609 2125 689 2156 sunt
715 2123 893 2170 eiusmodi,
925 2127 970 2171 ut,
999 2126 1031 2160 si
1055 2125 1187 2161 Romae
1212 2127 1272 2173 sis,
1301 2124 1393 2161 nihil
1413 2126 1560 2172 praeter
1587 2125 1662 2158 tuos
1688 2124 1718 2157 te
1730 2121 1895 2157 delectare

213 2178 351 2226 possit;
377 2178 418 2213 de
442 2178 595 2226 reliquis,
629 2180 719 2214 nihil
747 2181 868 2217 melius
899 2183 973 2230 ipso
1006 2187 1064 2226 est,
1093 2187 1202 2219 cetera
1229 2183 1408 2230 eiusmodi,
1436 2185 1474 2217 ut
1501 2203 1547 2208 —
1574 2181 1701 2216 audire
1724 2192 1763 2216 ea
1789 2179 1894 2215 malis

220 2247 323 2283 quom
352 2235 474 2272 ridere.
503 2236 559 2271 Sic
587 2237 671 2273 haec
698 2239 882 2275 scribenda
909 2245 1002 2276 sunt.
1030 2245 1060 2276 te
1081 2243 1117 2277 in
1131 2243 1229 2278 codd.
1245 2243 1413 2278 omissum
1427 2240 1567 2277 facilius
1582 2242 1665 2275 ante
1679 2238 1720 2274 de
1733 2238 1893 2274 excidere

222 2294 347 2343 potuit,
376 2306 480 2341 quam
508 2300 586 2343 post
613 2297 712 2333 nihil.
743 2298 836 2345 Ergo
863 2299 1043 2336 Baiterum
1059 2301 1096 2336 in
1116 2313 1155 2337 eo
1170 2302 1266 2349 sequi
1280 2301 1373 2337 malo
1387 2312 1492 2348 quam
1505 2297 1809 2344 Wesenbergium.
1838 2295 1893 2332 De

221 2352 364 2399 reliquis
390 2365 498 2400 quum
526 2355 588 2390 sit:
618 2356 709 2403 quod
737 2357 865 2393 attinet
891 2358 935 2394 ad
964 2359 1112 2407 reliqua,
1139 2364 1231 2397 recte
1257 2362 1453 2408 sequuntur
1478 2361 1604 2394 neutra
1619 2356 1709 2393 nihil
1722 2358 1757 2391 et
1770 2357 1892 2402 cetera,

220 2411 337 2446 minus
365 2416 456 2447 recte
483 2417 565 2448 ante
591 2417 701 2449 cetera
729 2415 860 2462 legitur
887 2418 990 2453 ceteri
1015 2421 1055 2454 ct.
1083 2418 1247 2455 Fortasse
1273 2431 1313 2456 ea
1340 2418 1433 2454 faeta
1458 2419 1543 2453 Sunt
1568 2427 1587 2451 e
1613 2425 1760 2461 caesare,
1776 2412 1895 2460 glossa

214 2469 308 2504 inter
337 2481 456 2505 versus
484 2471 613 2519 scripta
639 2472 681 2508 ad
709 2474 961 2522 explicandum
991 2477 1075 2524 ipso.
1102 2477 1146 2514 cf.
1175 2478 1323 2525 Thurot,
1351 2489 1406 2525 op.
1433 2474 1528 2511 laud.
1556 2486 1590 2522 p.
1621 2474 1678 2509 11.
