2163 3020
468 261 778 291 OBSERVATIONES
800 261 974 290 CRITICAE
997 263 1048 291 AD
1073 263 1110 292 M.
1134 261 1263 290 TULLII
1285 261 1484 290 CICERONIS
1506 262 1720 291 EPISTOLAS.
1879 257 1924 292 31

318 360 347 395 Ι.
376 361 408 406 2,
440 360 495 395 14.
523 359 653 406 Aesopi
680 371 819 395 servum
844 371 915 394 non
941 359 1129 403 Licinium,
1157 362 1197 394 ut
1223 359 1278 393 hic
1306 358 1511 406 appellatur,
1541 360 1599 394 sed
1625 360 1787 396 Licinum
1809 362 1926 409 appel-

266 417 379 452 latum
405 417 512 452 fuisse
538 417 697 463 idemque
724 429 850 452 nomen
877 416 1090 452 reddendum
1117 428 1190 451 esse
1221 416 1376 461 Augusti
1405 416 1540 462 liberto,
1569 417 1628 463 qui
1655 423 1865 454 memoratur
1888 420 1925 454 in

267 476 438 511 Macrobii
465 475 605 510 Saturn.
634 475 683 510 Π.
712 477 745 521 4,
775 476 834 521 24,
862 478 953 510 recte
980 475 1116 509 monuit
1142 474 1345 509 Torrentius
1371 473 1414 508 ad
1442 473 1535 509 Suet.
1563 475 1656 521 Aug.
1686 476 1742 511 67.

316 533 346 579 I,
375 535 407 579 2,
439 534 493 568 16.
535 533 706 580 Equidem
732 545 808 567 cam
835 544 893 580 spe
919 544 1053 567 summa
1083 533 1235 567 maxima
1263 535 1334 566 tam
1361 532 1492 566 maiore
1518 533 1620 566 ctiam
1646 534 1765 568 (mima
1790 536 1926 581 sperent

265 593 463 639 superiores
496 591 572 637 fore
607 603 667 626 nos
693 591 865 637 confidant
890 592 1006 626 animo
1032 594 1067 625 at
1095 592 1130 625 in>
1154 591 1218 626 hac
1246 590 1419 637 republica
1448 602 1487 624 ne
1513 602 1627 625 casam
1655 592 1787 638 quidem
1816 592 1924 627 ullum

261 650 515 697 pertimescant.
543 649 662 684 Verba
687 649 724 683 in
751 649 824 685 cod.
852 649 945 684 Med.
973 650 1022 683 sic
1050 649 1212 683 mendose
1238 648 1409 695 descripta
1422 647 1483 682 alii
1497 647 1599 682 aliter
1612 649 1793 684 emendare
1808 650 1923 685 conati

268 712 361 743 sunt.
402 707 483 742 Non
518 719 632 742 moror
664 707 704 742 P.
739 707 893 742 Manutii
920 710 953 741 et
979 706 1020 741 F.
1048 706 1173 741 Ursini
1200 706 1393 741 tentamina
1418 705 1541 740 merito
1568 710 1692 752 spreta.
1724 707 1923 742 Peerlkam-

266 766 345 813 pius
371 765 410 800 in
435 765 551 800 adnot.
579 765 623 800 ad
650 764 763 799 Taciti
792 765 913 810 Agric.
942 776 974 811 p.
1005 765 1074 799 117
1104 764 1156 799 ed.
1185 763 1246 799 alt.
1276 763 1438 798 coniecit:
1467 763 1638 810 Equidem
1664 775 1739 798 cam
1765 776 1823 811 spe
1847 776 1923 799 sum

267 825 432 870 maxima,
460 827 532 858 tum
558 824 752 871 superiores
779 823 856 869 fore
883 834 942 857 nos
970 822 1112 868 confido,
1143 825 1178 856 ut
1206 843 1251 847 —
1273 822 1524 869 pertimescam,
1558 833 1628 856 non
1654 821 1791 857 felicius
1819 834 1923 869 quam

266 882 480 928 Madvigius,
521 882 620 916 cuius
646 882 879 916 coniecturam
908 892 928 915 a
954 880 1205 926 Wesenbergio
1232 880 1269 914 in
1296 879 1464 914 Emendd.
1492 891 1568 926 epp.
1596 880 1625 915 Ι.
1654 893 1686 927 p.
1716 881 1783 915 117
1811 880 1924 927 prola-

267 943 340 974 tam
378 939 539 974 Baiterus
577 943 611 974 et
650 938 924 984 YVesenbei-gius
963 939 1001 973 in
1040 938 1112 972 suis
1147 938 1357 972 editionibus
1384 949 1455 971 non
1482 937 1682 972 dubitanter
1708 942 1921 985 receperunt.

267 998 448 1033 Sententia
482 998 531 1033 sic
566 998 694 1045 optime
728 997 938 1044 progeditur,
977 997 1083 1031 verba
1109 996 1232 1031 leniori
1260 996 1452 1031 mutatione
1479 997 1595 1031 sanari
1622 1008 1720 1043 posse
1747 997 1921 1033 videntur.

266 1057 342 1103 Ego
383 1057 432 1091 ita
458 1057 619 1092 restituo:
666 1055 859 1102 „Equidem
887 1067 995 1101 quum
1022 1067 1081 1102 spe
1107 1067 1181 1089 sum
1208 1055 1374 1100 maxima,
1402 1058 1477 1089 tum
1503 1055 1632 1089 maiore
1658 1055 1761 1089 etiam
1789 1056 1922 1102 anim03

266 1119 304 1150 ut
328 1127 460 1163 sperem
486 1115 677 1162 superiores
709 1114 781 1149 fore
817 1125 891 1159 nOS,
920 1113 1088 1160 confidam
1115 1116 1259 1159 tantam,
1286 1116 1325 1147 ut
1351 1113 1388 1147 in
1415 1113 1480 1147 hac
1507 1125 1543 1147 re
1569 1125 1612 1148 ne
1639 1125 1757 1148 casum
1783 1114 1922 1160 quidem

265 1173 378 1209 ullum
404 1172 682 1220 pertimescam.”

314 1232 344 1267 1.
373 1233 405 1277 3,
435 1232 466 1266 8.
522 1230 641 1266 Cicero
667 1229 824 1276 queritur
850 1240 885 1264 se
912 1229 956 1263 ab
984 1229 1173 1264 Hortensio
1202 1233 1235 1264 et
1261 1241 1281 1263 a
1316 1228 1356 1272 Q.
1385 1229 1490 1263 Arrio
1517 1229 1607 1264 male
1635 1234 1821 1265 tractatum
1849 1242 1922 1265 esse

264 1290 448 1336 additque:
479 1300 624 1336 quoram
650 1300 708 1335 eqo
734 1287 899 1333 consiliis,
921 1288 1121 1335 promissis,
1144 1288 1340 1335 praeceptis
1368 1287 1548 1323 destitutus
1576 1288 1611 1322 in
1637 1288 1724 1322 hanc
1743 1288 1922 1323 calamita-

265 1352 331 1384 tem
358 1348 477 1384 incidi.
504 1347 595 1382 Mire
624 1346 780 1381 consiliis
809 1349 843 1381 et
869 1346 1048 1393 promissis
1076 1346 1292 1381 adiiciuntur
1318 1349 1512 1393 praecepta,
1541 1358 1628 1392 quae
1645 1347 1835 1382 aconsiliis
1850 1359 1921 1382 non

264 1411 347 1442 sunt
373 1407 522 1442 diversa.
549 1406 673 1452 Neque
700 1405 821 1440 Cicero
848 1405 1031 1440 Hortensii
1056 1405 1224 1451 Arriique
1252 1404 1408 1439 consiliis
1435 1408 1468 1439 et
1485 1405 1663 1451 promissis
1678 1405 1864 1440 destitutus
1883 1418 1920 1441 o:

264 1465 422 1512 privatus
460 1464 537 1510 fuit,
572 1464 630 1498 sed
656 1463 695 1498 in
720 1475 869 1498 errorem
898 1462 1062 1497 inductus
1088 1466 1122 1498 et
1148 1462 1321 1510 deceptus.
1349 1462 1391 1497 cf.
1420 1474 1471 1510 ep.
1501 1474 1582 1509 seq.,
1614 1464 1645 1498 1.
1673 1463 1716 1498 ad
1742 1464 1819 1499 Att.
1847 1463 1918 1500 III.

267 1523 300 1564 9,
327 1524 359 1557 2.
388 1522 576 1569 Propterea
603 1521 797 1556 Lambinus
823 1521 862 1555 in
889 1521 1045 1566 margine
1073 1521 1153 1556 edit.
1184 1521 1279 1555 1584
1307 1520 1454 1555 coniecit
1482 1521 1640 1555 inductus
1666 1533 1706 1555 ac
1727 1521 1917 1569 destitutas,

263 1581 369 1616 nimis
396 1581 456 1616 ille
483 1580 658 1615 audacter.
685 1580 760 1626 Ego
787 1579 940 1625 corrigo:
969 1591 1115 1626 qaorum
1141 1590 1198 1626 eqo
1226 1579 1390 1625 consiliis,
1412 1579 1601 1626 promissis
1626 1579 1790 1626 deceptas,
1819 1580 1920 1615 desti-

264 1642 358 1675 tutus
384 1640 421 1674 in
447 1639 480 1674 72.
508 1651 535 1674 c.
564 1638 683 1673 incidi.
711 1638 842 1673 Eadem
869 1638 975 1673 verba
1002 1638 1198 1684 iunguntur
1224 1650 1258 1685 p.
1286 1637 1388 1672 Rosc.
1417 1638 1498 1672 Am.
1530 1638 1598 1673 117
1626 1637 1777 1672 homines
1804 1660 1850 1663 —
1867 1639 1918 1673 ἵη-

262 1697 373 1743 duxit,
401 1697 538 1744 decepit,
567 1697 730 1732 destituit.
759 1696 921 1731 Ablativi
948 1696 1118 1731 referendi
1146 1699 1228 1731 sunt
1256 1696 1299 1730 ad
1327 1695 1443 1730 solum
1469 1699 1557 1742 part.
1586 1695 1743 1742 deceptus
1769 1699 1804 1731 et
1816 1696 1918 1731 (lesti-

263 1758 360 1791 tutus
397 1755 555 1791 absolute
594 1755 861 1801 intelligendum
902 1759 963 1800 est,
1000 1759 1039 1788 ut
1076 1755 1112 1789 in
1149 1766 1197 1789 or.
1224 1767 1257 1801 p.
1287 1753 1385 1789 Sulla
1414 1754 1459 1788 90
1487 1765 1591 1800 qaum
1621 1754 1656 1788 in
1682 1754 1745 1788 hac
1771 1754 1918 1800 fortuna

262 1815 462 1849 miserrima
487 1814 668 1848 destitutus
694 1814 750 1859 sit,
777 1826 809 1861 p.
846 1813 990 1856 Quintio
1018 1814 1062 1847 51
1092 1824 1190 1860 saepe
1218 1813 1314 1847 illusi
1340 1824 1379 1847 ac
1406 1812 1570 1847 destituti.
1623 1813 1806 1859 Asyndeta
1833 1814 1917 1849 satis

263 1875 406 1907 tuentur
444 1872 613 1919 exempla,
643 1883 731 1918 quae
758 1871 861 1906 attuli
884 1871 926 1905 ad
953 1871 1029 1905 Att.
1059 1871 1127 1906 XI.
1157 1872 1190 1912 9,
1219 1871 1251 1916 3,
1281 1871 1345 1905 etsi
1375 1882 1445 1904 non
1472 1869 1573 1904 valde
1599 1882 1754 1917 repugno
1781 1871 1810 1905 si
1838 1872 1916 1917 quis

262 1941 303 1964 ea
326 1929 549 1964 librariorum
575 1929 808 1975 negligentiae
834 1929 986 1964 tribuere
1013 1932 1047 1963 et
1074 1929 1222 1963 seribere
1248 1928 1364 1963 malit:
1397 1939 1564 1974 „quorum
1591 1939 1653 1974 ego
1670 1928 1824 1963 consiliis
1839 1941 1916 1976 pro-

261 1988 442 2035 missisque
467 1988 629 2035 deceptus
656 1991 685 2022 et
711 1987 922 2022 destitutus'’
950 1990 1015 2022 cet.

311 2046 341 2082 I.
370 2049 402 2092 4,
434 2048 464 2081 1.
516 2046 666 2081 Nullum
701 2048 747 2080 est
781 2057 892 2080 meum
917 2048 1105 2092 peccatum,
1147 2044 1218 2078 nisi
1250 2043 1340 2091 quod
1377 2044 1420 2078 iis
1446 2043 1589 2088 credidi,
1617 2055 1639 2077 a
1665 2043 1788 2090 quibus
1815 2044 1915 2090 nefas

255 2108 425 2153 putaram
451 2116 520 2140 esse
545 2116 596 2139 me
622 2104 743 2151 decipi,
771 2107 833 2139 aut
859 2104 960 2138 etiam
987 2103 1110 2150 quibus
1136 2115 1176 2137 ne
1203 2102 1238 2137 id
1256 2102 1413 2149 expedire
1428 2101 1562 2149 quidem
1580 2101 1791 2137 arbitrabar.
1821 2103 1912 2138 Med.

253 2166 430 2210 putarem,
465 2162 556 2209 quod
587 2174 608 2197 a
635 2161 828 2197 Cratandro
854 2161 892 2196 in
912 2164 1082 2209 putaram
1108 2164 1282 2196 mutatum
1308 2163 1370 2206 est,
1399 2172 1501 2206 quem
1528 2159 1683 2207 plerique
1708 2164 1911 2207 sequuntur.

260 2221 446 2256 Assentior
479 2221 628 2256 Ernesto
656 2219 824 2267 putabam
860 2220 1041 2267 reponenti
1067 2219 1110 2254 ob
1137 2230 1284 2265 sequens
1311 2217 1524 2264 arbitrabar,
1550 2230 1657 2264 quum
1683 2218 1782 2253 nulla
1809 2230 1913 2254 causa

259 2279 307 2314 sit
333 2291 394 2314 cur
420 2290 538 2314 eorum
564 2278 748 2313 verborum
774 2277 911 2312 diversa
938 2281 1093 2324 tempora
1119 2279 1306 2323 ponantur.

310 2337 400 2372 Ibid.
452 2337 511 2371 Ita
546 2336 634 2371 mihi
660 2336 749 2370 nihil
776 2336 899 2370 misero
919 2338 1061 2383 praeter
1087 2335 1187 2381 fidem
1214 2335 1404 2369 anzicorzmz
1431 2337 1568 2368 cautam
1595 2345 1705 2367 meum
1731 2333 1913 2368 consilium

260 2395 344 2442 fuit.
371 2395 416 2430 In
441 2394 497 2429 his
524 2394 689 2429 sanandis
715 2394 921 2441 interpretes
950 2393 1051 2429 valde
1078 2393 1227 2428 variant.
1257 2393 1368 2428 Nemo
1397 2391 1544 2438 invenit,
1568 2392 1659 2438 quod
1685 2391 1832 2426 aliorum
1859 2404 1912 2427 as-

259 2464 365 2489 sensu
391 2452 682 2499 comprobaretur.
711 2451 842 2486 Ceteris
869 2451 992 2486 melius
1019 2450 1292 2496 &Vesenbergius
1325 2449 1473 2484 coniecit
1498 2453 1576 2496 post
1602 2450 1791 2484 amicormn
1818 2450 1912 2485 exci—

256 2510 351 2545 disse
377 2510 489 2556 defuit
515 2521 582 2556 nec,
610 2510 669 2545 sed
696 2522 749 2545 me
776 2509 933 2545 nondum
959 2510 1114 2557 poenitet
1147 2509 1370 2544 correctionis
1396 2508 1466 2543 alia
1493 2508 1551 2543 via
1578 2511 1777 2555 temptatae,
1806 2519 1913 2554 quam
