2163 3020
450 258 759 287 OBSERVATIONES
782 259 957 288 CRITICAE
979 258 1030 286 AD
1053 259 1090 287 M.
1113 258 1242 286 TULLII
1265 258 1463 286 CICERONIS
1485 258 1698 288 EPISTOLAS.
1860 252 1905 286 15

247 355 307 389 vit.
364 356 410 390 Et
436 368 497 391 cur
524 356 644 392 Cicero
671 357 827 392 obsoleta
853 356 964 391 forma
991 357 1173 391 uteretur?
1212 361 1449 406 Παρήχησις
1475 369 1513 392 eo
1541 357 1687 392 artificio
1715 370 1783 392 nou
1812 362 1900 403 eget.

248 414 298 449 At
325 415 461 461 periret,
491 416 519 450 si
547 428 625 450 cuin
653 416 797 462 Loeuse,
826 416 926 450 Misc.
950 414 1162 462 Epiph.111,
1180 417 1200 449 5
1216 417 1390 451 catomum,
1408 416 1442 450 in
1459 416 1662 450 clam-onium
1676 420 1900 451 mutaremus.

299 473 384 508 VII.
416 476 472 520 29,
502 476 534 510 2.
588 475 636 509 Μ7
680 475 817 521 Curius,
857 474 917 520 qui
955 486 986 509 a.
1024 474 1093 508 704
1122 474 1286 509 Tironem
1313 475 1428 510 Patris
1454 478 1691 520 aegrotantem
1718 475 1904 521 diligenter

248 537 440 579 curaverat,
470 537 508 567 ut
536 533 696 568 novimus
724 545 763 568 ex
794 533 894 580 epist.
922 532 964 567 ad
993 533 1068 567 Att.
1098 532 1184 567 VII.
1215 535 1247 573 2,
1277 535 1296 568 3
1324 537 1358 568 et
1386 535 1418 579 3,
1450 534 1492 567 12
1558 533 1655 568 Fam.
1682 533 1785 568 XVI.
1814 535 1846 579 4,
1869 535 1901 579 5,

251 594 283 638 9,
315 594 370 638 11,
400 592 436 626 in
464 596 617 627 extrema
646 592 710 627 hac
737 592 884 638 epistola
910 604 979 625 non
1008 591 1121 638 potuit
1149 592 1307 638 scribere,
1328 592 1418 638 quod
1433 592 1489 626 hic
1508 592 1655 637 legimus
1678 592 1904 639 Tironemque

248 664 360 686 meum
399 651 512 685 saluta
553 652 680 685 nostris
722 650 840 695 ran-bis,
869 651 926 685 sed
955 651 1030 685 sine
1056 650 1161 685 dubio
1187 651 1326 698 scripsit
1357 651 1585 696 Tironemque
1610 653 1762 685 nostrum
1790 650 1905 685 saluta

249 711 333 745 meis
360 709 481 744 verbis.
536 709 663 744 Curius
692 709 855 743 Tironem
897 709 1074 743 Ciceronis
1103 708 1279 750 libertum,
1307 721 1407 755 quem
1436 709 1508 756 ipse
1535 708 1712 754 diligebat,
1739 709 1782 743 ad
1809 709 1905 743 Cice-

248 781 367 804 ronem
407 768 575 813 scribens,
618 780 687 802 non
727 771 861 814 poterat
901 767 1077 814 appellare
1123 767 1287 802 Tironem
1314 780 1434 813 meum,
1463 770 1596 814 poterat
1611 767 1722 801 dicere
1738 770 1903 812 nostrum,

248 831 288 862 ut
314 828 363 862 M.
392 827 512 862 Cicero
539 826 581 861 ad
610 826 650 869 Q.
679 826 719 860 fr.
749 826 904 860 scribens
931 825 1005 860 eius
1042 825 1152 860 filium
1181 826 1221 868 Q.
1252 826 1338 860 solet
1366 837 1488 860 vocare
1517 825 1712 860 Ciceronem
1738 828 1905 871 uostremz,

248 889 288 921 ut
314 886 364 921 II.
394 887 425 931 8,
458 886 487 919 1.
522 886 576 929 11,
606 886 638 919 4.
668 884 739 919 HI.
771 886 802 929 1,
835 886 877 918 14
916 883 972 918 vel
1014 883 1084 918 Cic.
1126 886 1223 917 tuum
1263 887 1493 930 nostrumque,
1534 883 1583 918 Π.
1629 884 1682 929 12,
1725 884 1757 918 2.
1810 883 1906 917 Idem

248 956 369 990 rogare
396 944 543 978 debebat
570 944 771 978 Ciceronem
799 947 839 978 ut
866 943 896 977 ei
925 942 1072 977 salutem
1101 942 1228 977 diceret
1256 943 1328 977 suis
1356 942 1481 988 verbis,
1514 942 1547 976 id
1574 946 1636 987 est,
1669 942 1807 988 quando
1834 942 1906 988 ipse

249 1003 380 1049 scribit,
410 1003 491 1037 meis
521 1002 640 1037 verbis.
670 1001 723 1035 Ita
751 1002 788 1035 in
815 1001 922 1036 simili
951 1013 986 1035 re
1013 1005 1144 1035 veteres
1173 1004 1373 1035 constanter
1388 1000 1560 1035 dicebant.
1576 999 1616 1034 cf.
1634 1000 1753 1035 Cicero
1771 999 1813 1033 ad
1829 1000 1905 1034 Att.

249 1062 353 1097 XVI.
393 1062 448 1107 11,
488 1062 519 1096 8.
562 1061 659 1095 Fam.
689 1060 755 1094 IX.
788 1061 819 1105 6,
851 1062 880 1094 1.
910 1059 987 1093 Ter.
1016 1059 1102 1093 Hec.
1133 1058 1199 1093 IV.
1227 1060 1260 1104 4,
1291 1059 1348 1093 98.
1393 1059 1553 1093 Bremius
1580 1058 1621 1093 ad
1650 1058 1753 1093 Corn.
1782 1057 1903 1092 Them.

250 1124 283 1167 4,
314 1122 346 1156 3.
376 1142 420 1145 ——
450 1119 605 1154 Similem
646 1130 795 1153 errorem
833 1117 1106 1162 IVesenbergius
1146 1117 1289 1151 sustulit
1329 1129 1372 1151 ex
1410 1116 1558 1164 epistola
1589 1116 1630 1159 Q.
1658 1116 1836 1151 Ciceronis
1862 1116 1905 1151 ad

248 1179 299 1214 M.
326 1178 467 1213 fratrem
495 1177 594 1212 Fam.
623 1176 727 1211 XVI.
760 1177 802 1210 16
830 1187 892 1222 pro
919 1186 1028 1209 meam
1063 1174 1252 1209 Tulliolam
1278 1186 1449 1222 reponens
1476 1178 1582 1210 lnam.

299 1236 405 1271 VIII.
436 1237 467 1282 1,
499 1237 529 1271 1.
590 1235 742 1270 Tametsi
768 1237 805 1268 ta
831 1234 900 1268 scio
927 1245 1030 1280 quam
1057 1234 1106 1267 sis
1133 1234 1301 1268 curiosus.
1355 1233 1394 1268 P.
1422 1233 1578 1268 Hofman
1606 1232 1824 1279 Peerlkamp,
1848 1232 1907 1279 qui

249 1294 437 1341 aliquando
476 1293 518 1328 ad
554 1293 685 1340 priores
721 1296 870 1338 quatuor
896 1292 1031 1326 litteras
1058 1291 1163 1326 huius
1190 1291 1271 1326 libri
1298 1291 1512 1339 suspiciones
1539 1303 1619 1326 suas
1646 1291 1683 1325 in
1710 1291 1906 1326 chartulam

249 1353 406 1398 coniecit,
435 1363 539 1398 quam
566 1351 638 1385 vidi
666 1354 699 1385 et
728 1350 904 1397 descripsi,
932 1349 988 1384 hic
1015 1352 1054 1384 ut
1080 1350 1192 1395 magis
1207 1349 1392 1396 antiquum
1412 1350 1559 1397 putabat
1577 1362 1649 1385 esse
1664 1350 1903 1385 scribendum:

253 1411 434 1457 „Tfflnetsl
472 1412 501 1443 z‘e·
539 1410 618 1454 scio,
647 1420 750 1455 quam
776 1409 826 1442 sis
852 1408 1021 1453 curiosae
1049 1410 1088 1441 ut
1114 1407 1209 1442 Nove?
1235 1410 1275 1453 te,
1303 1408 1364 1454 qm*
1390 1408 1439 1442 sis
1466 1411 1499 1442 et
1525 1407 1630 1443 alia.''
1684 1407 1740 1442 Ita
1767 1407 1906 1443 Caelius

248 1469 283 1504 h.
312 1469 335 1504 1.
367 1469 423 1515 10,
453 1469 473 1503 3
502 1468 659 1514 scripsit:
700 1467 806 1502 Nosti
832 1466 1051 1512 Marcellum,
1080 1477 1183 1512 quam
1210 1465 1333 1500 tardus
1358 1467 1412 1501 sit.

298 1527 404 1562 VIII.
437 1528 468 1573 1,
497 1528 529 1561 4.
586 1525 699 1570 Quum
738 1536 862 1560 memus
889 1524 935 1559 ad
961 1536 997 1559 os
1022 1525 1195 1571 apposnit.
1248 1524 1316 1566 Qui
1351 1536 1518 1559 arcanum
1544 1524 1645 1559 alteri
1671 1527 1791 1559 narrat
1816 1524 1906 1558 eius-

248 1598 315 1633 que
341 1585 521 1621 silentium
560 1584 682 1632 poscit,
712 1596 754 1619 ne
781 1596 835 1619 res
863 1583 1023 1631 pluribus
1050 1586 1193 1618 narrata
1220 1583 1287 1617 sibi
1314 1586 1446 1629 noceat,
1475 1595 1545 1618 non
1574 1583 1660 1617 solet
1687 1583 1807 1617 ambas
1833 1594 1906 1617 ma-

247 1656 326 1691 nus,
364 1644 422 1679 sed
449 1643 606 1689 alteram,
646 1643 850 1690 plerumque
876 1642 1036 1676 dextram
1062 1641 1114 1675 ori
1141 1653 1203 1676 suo
1229 1641 1412 1676 admovere
1438 1653 1545 1688 eaque
1571 1641 1696 1676 leviter
1721 1641 1905 1676 incurvata

248 1702 446 1737 inferiorem
474 1701 595 1736 vultus
622 1705 756 1748 partem
783 1704 907 1747 tegere.
936 1700 979 1735 cf.
1006 1700 1052 1735 A.
1080 1700 1121 1735 de
1147 1699 1251 1746 Iorio,
1287 1699 1322 1734 la
1347 1699 1488 1734 mimica
1514 1700 1605 1745 degli
1632 1699 1764 1734 antichi
1791 1700 1905 1734 inves-

248 1760 360 1806 tigata
386 1760 443 1795 nel
468 1760 596 1806 gestire
622 1759 826 1806 napolitano
852 1772 885 1806 p.
915 1760 985 1794 293
1013 1759 1077 1793 sub
1104 1758 1286 1793 lemmate:
1314 1757 1423 1793 Mane
1441 1758 1751 1793 covrenteihnuso.
1780 1758 1904 1804 Itaque

248 1819 282 1854 h.
311 1819 334 1853 l.
363 1818 540 1853 Ciceronis
567 1821 619 1852 est
645 1829 797 1863 manfum,
823 1829 893 1852 non
921 1828 1054 1862 numus,
1083 1819 1122 1850 ut
1148 1817 1186 1851 in
1213 1816 1318 1851 simili
1355 1816 1529 1851 locutione
1555 1816 1647 1862 apud
1675 1816 1716 1858 Q.
1742 1816 1903 1851 Curtium

247 1877 354 1912 VIII.
385 1878 415 1911 7.
446 1878 467 1911 2
496 1881 538 1919 (c.
567 1877 613 1910 24
641 1876 691 1911 ed.
723 1876 875 1922 Zumpt.)
903 1875 963 1910 ubi
990 1879 1089 1922 pater
1114 1875 1161 1909 acl
1187 1887 1223 1909 03
1249 1886 1356 1909 manu
1382 1874 1508 1909 oblecta
1540 1875 1652 1909 filium
1680 1874 1772 1909 ultra
1799 1878 1904 1920 negat

247 1935 472 1977 audiendum.
526 1935 673 1977 Quando
712 1934 860 1980 legimus
900 1934 937 1968 in
976 1933 1133 1968 Petronii
1169 1934 1240 1968 Sat.
1271 1934 1316 1967 64
1342 1934 1500 1980 apposita
1527 1933 1573 1968 ad
1599 1944 1635 1968 08
1661 1944 1767 1967 manu
1794 1934 1904 1967 nescio

248 1994 334 2042 quid
360 1997 508 2028 taetrum
534 1992 729 2028 exsibilasti*
756 1992 981 2038 cogitandum
1007 1995 1058 2026 est
1085 1991 1126 2026 de
1153 1991 1239 2026 flatu
1264 2004 1324 2038 per
1350 1991 1476 2037 digitos
1503 1992 1554 2026 ori
1585 1992 1741 2026 admotos
1767 1992 1902 2038 emisso,

248 2053 308 2099 qui
348 2052 485 2087 fistulae
525 2055 666 2086 acutum
703 2062 826 2085 sonum
863 2050 985 2096 reddit,
1029 2050 1070 2084 de
1105 2062 1172 2096 quo
1208 2050 1279 2095 egit
1315 2050 1356 2084 de
1382 2049 1475 2084 Iorio
1501 2062 1555 2097 op.
1583 2050 1606 2085 l.
1634 2050 1698 2085 sub
1725 2062 1758 2085 V.
1786 2050 1904 2096 fischeo

248 2124 280 2159 p.
313 2112 393 2146 162.
448 2111 570 2157 nyil‘o
597 2121 801 2156 conwescere
818 2108 976 2143 labellum
1003 2109 1040 2142 in
1067 2108 1247 2143 Iuvenalis
1275 2108 1345 2143 Sat.
1374 2108 1403 2143 I.
1434 2110 1503 2143 160
1530 2109 1674 2144 eandem
1701 2109 1773 2143 vin]
1799 2109 1906 2145 habet

248 2173 353 2216 atque
380 2181 521 2203 mcmum
554 2169 600 2203 (ccl
629 2180 665 2203 os
694 2179 874 2214 apponere,
902 2167 967 2201 etsi
994 2170 1111 2212 gestus
1138 2170 1189 2201 est
1215 2167 1317 2202 alius.

298 2228 405 2263 VIII.
436 2229 469 2273 2,
500 2229 531 2262 1.
587 2227 693 2272 Certe,
724 2227 875 2273 inquam,
902 2225 1078 2260 absolutus
1112 2228 1170 2260 est.
1205 2225 1372 2270 „Meliusz
1405 2225 1511 2271 Certe,
1547 2226 1708 2272 inquam:
1731 2225 1905 2260 absolutas

248 2290 305 2322 est.
351 2286 471 2321 Cicero
500 2286 702 2332 scripserat:
731 2285 885 2320 Messala
916 2284 1118 2319 absolvetur.
1164 2283 1303 2319 Caelius
1331 2284 1572 2331 responderat:
1593 2296 1659 2318 non
1677 2283 1903 2319 absolretm·.’'

248 2344 524 2391 Peerlkampius.

298 2404 388 2438 Ibid.
441 2403 554 2438 Plane
579 2413 656 2447 esse,
685 2401 775 2448 qnod
802 2401 895 2446 ferri
921 2412 988 2435 von
1008 2403 1133 2447 posset.
1161 2400 1240 2446 fieri
1266 2412 1327 2447 pro
1355 2400 1448 2446 ferri
1482 2400 1629 2434 coniecit
1655 2400 1757 2434 idem.

299 2462 386 2497 Ibid.
441 2461 616 2507 Strepz'z‘ecs
647 2481 693 2484 —
730 2459 911 2494 ruslentzmz
955 2458 1088 2493 sibilus.
1134 2458 1301 2503 „Videtur
1339 2459 1485 2493 Pacuvii
1525 2470 1655 2505 versus,
1684 2458 1802 2504 quales
1832 2457 1906 2492 lau-

249 2521 376 2555 dantur
415 2532 435 2554 a
463 2519 533 2554 Cic.
577 2518 695 2552 Divin.
724 2518 752 2552 I.
783 2519 828 2552 14
855 2520 889 2551 et
926 2517 966 2551 de
994 2516 1053 2552 Or.
1082 2516 1152 2551 III.
1182 2517 1238 2551 39.
1292 2516 1397 2552 Alius
1423 2517 1576 2552 eiusdem
1611 2520 1662 2552 est
1688 2516 1779 2564 apud
1808 2516 1903 2551 Serv,
