2163 3020
469 285 777 315 OBSERVATIONES
797 285 972 315 CRITICAE
995 287 1045 314 AD
1067 287 1104 314 M.
1127 285 1257 313 TULLII
1279 285 1478 314 CICERONIS
1500 286 1714 315 EPISTOLAS.
1877 281 1918 314 41

267 381 380 416 cultus
406 381 548 429 denique
575 394 641 417 non
666 394 794 417 omnem
817 383 1141 420 commendationem
1174 383 1306 430 inqenii
1340 386 1509 420 everteret.
1538 385 1634 421 Fam.
1663 385 1708 421 V.
1738 387 1769 431 2,
1802 388 1864 421 10:
1894 388 1926 421 ..s-i

265 439 392 481 acerbe,
422 440 455 474 si
480 440 675 487 crudeliter,
703 441 736 475 si
761 442 835 476 sine
860 454 967 478 cansa
992 454 1069 478 sum
1095 454 1116 476 α
1144 442 1214 476 tuis
1240 445 1469 489 oppuynutus.
1510 442 1575 478 Sed
1602 455 1672 478 non
1700 444 1853 492 poenitet
1870 455 1926 479 me

264 497 308 532 de
322 497 417 533 Bosii
436 498 633 534 coniectura
660 504 811 546 καμπαί
839 501 1018 548 scripsisse
1043 513 1105 548 pro
1131 503 1281 548 καρποὶ.
1310 499 1350 534 P.
1377 499 1556 536 Victorius
1570 502 1639 537 iam
1654 503 1742 538 vidit
1757 507 1926 552 memmi-9

263 555 326 590 vix
352 567 452 603 posse
477 555 625 603 defendi,
653 562 687 593 et
713 558 940 594 Casaubonus
968 558 1064 593 Bosii
1092 558 1274 593 inventum
1301 558 1350 592 ita
1376 558 1539 606 munivit,
1568 560 1627 595 vix
1657 566 1695 596 ut
1721 562 1762 597 de
1777 562 1922 598 veritate

266 615 419 651 dubitari
446 616 564 663 possit.

314 674 358 709 In
385 674 502 709 eadem
529 675 547 720 ξ
574 686 692 710 omnes
720 688 815 711 nunc
842 677 1001 712 scribunt
1027 676 1067 711 (Ie
1096 676 1234 721 vilitate,
1262 688 1323 723 pro
1351 688 1418 723 quo
1452 676 1488 711 in
1516 677 1608 713 Med.
1637 679 1726 714 male
1754 680 1922 728 scriptum

264 737 316 767 est
355 732 395 766 de
436 733 592 768 utilitate.
633 733 791 769 Laudari
819 734 933 769 locum
960 746 977 769 e
1004 734 1064 769 ΠΙ
1091 734 1131 768 (10
1159 734 1226 769 Off.
1255 735 1313 780 52,
1341 734 1400 769 ubi
1428 734 1547 769 eadem
1569 736 1711 770 nomina
1738 742 1821 771 sunt
1848 750 1924 785 pei·-

264 794 408 825 mutata.
450 790 552 825 Addo
593 803 685 826 nunc
725 791 763 826 in
790 792 899 827 Plinii
927 792 974 828 H.
1004 792 1049 827 N.
1076 791 1219 826 XXVI.
1249 793 1294 826 43
1324 792 1432 827 bonos
1459 792 1592 828 codices
1619 794 1700 829 dare
1729 795 1922 842 utilitatem,

264 847 322 882 sed
361 847 575 883 Vossiannm
616 853 706 884 recte
745 862 882 885 servare
920 850 1085 884 vilitatem
1112 855 1145 885 et
1172 850 1209 884 111
1237 850 1451 896 Panegyrico
1479 851 1603 886 incerti
1631 853 1807 900 scriptoris
1833 854 1924 889 Con-

263 906 419 941 stantino
454 907 547 952 Aug.
588 907 680 942 dicto
715 920 743 943 0.
774 910 819 943 24
847 917 938 944 recte
964 909 1167 944 Acidalium
1195 908 1397 944 emendasse
1423 910 1483 956 qni
1511 911 1614 944 ritum
1635 923 1705 958 pro
1733 912 1840 947 rictus
1866 914 1924 948 sni

266 964 395 998 vilitate
431 967 630 1010 contemnat,
667 977 774 1011 quum
801 966 838 1000 111
866 966 965 1001 libris
992 967 1130 1013 scriptis
1157 970 1247 1001 esset
1267 970 1452 1014 provectu-s*
1477 968 1534 1001 sui
1565 968 1721 1004 utilitate.
1761 970 1826 1005 Sed
1853 983 1923 1006 non

264 1023 441 1070 probanda
468 1029 518 1058 est
551 1036 662 1071 nuper
688 1026 864 1072 proposita
891 1025 1100 1072 permutatio
1127 1025 1250 1060 horum
1278 1026 1459 1060 nominum
1478 1026 1513 1061 in
1542 1026 1699 1062 Vitruvii
1727 1028 1796 1064 ΙΙΙ.
1826 1031 1858 1075 3,
1891 1033 1924 1077 1,

264 1080 324 1115 ubi
363 1081 401 1115 in
439 1081 669 1128 descriptione
708 1083 788 1117 atrii
830 1084 1005 1130 tetrastyli
1043 1084 1147 1118 verba
1188 1086 1217 1117 et
1254 1083 1435 1118 utilitatem
1474 1084 1630 1119 trabibus
1668 1089 1697 1120 et
1723 1086 1922 1132 firmitatem

254 1141 438 1185 praestant
476 1138 613 1174 facilius
653 1140 822 1187 explicari
862 1146 1019 1187 possunt,
1061 1152 1165 1187 quain
1193 1141 1221 1174 si
1252 1141 1417 1175 vilitatem
1444 1153 1477 1175 o:
1506 1142 1679 1177 modicum
1706 1145 1855 1190 pretium
1884 1146 1922 1180 in

262 1196 426 1231 utilitatis
453 1196 566 1232 locum
594 1199 759 1245 posueris.

311 1255 340 1290 I.
371 1257 427 1300 14,
456 1257 489 1290 5.
529 1255 696 1291 Homines
722 1256 769 1291 ad
793 1257 875 1292 XV
901 1257 1051 1292 Curioni
1073 1257 1205 1292 nullum
1234 1257 1353 1292 Sctum
1379 1257 1525 1303 facienti
1550 1264 1779 1296 assenserunt.
1808 1261 1920 1297 Inter-

260 1313 488 1360 pretationem
515 1313 557 1348 ad
586 1313 670 1349 haec-
697 1315 801 1350 verba
837 1315 1058 1363 adscriptam,
1088 1314 1205 1350 Sctunz
1241 1315 1356 1362 facere
1382 1315 1516 1350 nullum
1543 1315 1674 1353 dictum
1701 1331 1775 1354 esse
1802 1320 1866 1355 hac
1881 1321 1915 1356 vi

262 1375 299 1405 ut
325 1370 416 1405 idem
443 1371 488 1405 sit
514 1375 619 1418 atque
647 1371 765 1407 Sctum
794 1372 915 1408 tollere
942 1373 997 1408 vel
1025 1372 1148 1419 delere,
1176 1373 1301 1408 falsam
1335 1384 1408 1408 esse
1426 1374 1584 1419 cognovi.
1604 1375 1689 1410 Tam
1711 1376 1744 1412 h.
1765 1377 1799 1423 1.,
1816 1390 1922 1425 quam

259 1428 301 1463 ad
329 1428 427 1464 Fam.
455 1428 560 1464 VIII.
591 1430 623 1474 9,
653 1431 672 1464 5
702 1434 735 1464 et
761 1430 852 1477 apud
882 1430 1023 1465 Livium
1050 1430 1120 1465 ΠΙ.
1151 1433 1197 1465 40
1225 1431 1359 1465 nullum
1386 1430 1502 1476 fucere
1518 1431 1635 1467 Serum
1653 1438 1705 1468 est
1723 1435 1813 1470 idem
1829 1437 1919 1483 quod

257 1487 301 1521 ad
329 1486 370 1530 Q.
397 1486 438 1522 fr.
467 1487 516 1523 II.
548 1489 603 1534 12,
633 1489 653 1522 3
682 1488 809 1523 dicitur
836 1488 925 1523 nihil
939 1488 1182 1523 decernendum
1199 1500 1340 1524 censere.
1368 1489 1475 1524 Recte
1489 1490 1597 1536 igitur
1612 1491 1920 1531 Drakenborchius

257 1545 300 1580 ad
328 1546 405 1581 Liv.
434 1546 595 1582 XXVII.
626 1547 683 1593 25,
713 1548 733 1581 3
770 1547 917 1593 facienti
943 1548 1193 1595 interpretatur
1228 1547 1428 1593 faciendum
1455 1550 1611 1584 censenti.
1652 1550 1758 1586 Curio
1785 1557 1921 1600 poterat

257 1603 347 1638 113110
375 1616 516 1640 oausam
542 1605 664 1640 afferre
691 1617 752 1640 cur
779 1605 869 1640 nihil
896 1618 916 1641 a
944 1610 1067 1641 senatu
1093 1606 1347 1641 decernendum
1374 1610 1538 1653 censeret,
1555 1608 1644 1653 quod
1660 1614 1801 1645 senatus
1815 1611 1920 1647 habe-

259 1662 362 1697 batur
390 1662 445 1698 die
472 1663 651 1698 comitiali.
680 1663 733 1699 Cf.
762 1664 800 1699 C.
829 1664 939 1699 Bardt
965 1664 1002 1699 in
1029 1664 1181 1699 Hermae
1208 1664 1276 1699 vol.
1305 1664 1380 1699 VII
1407 1677 1439 1711 p.
1472 1666 1514 1699 19
1543 1677 1612 1712 seq.
1640 1670 1674 1701 et
1700 1667 1757 1702 IX
1783 1681 1815 1716 p.
1834 1670 1915 1705 322.

307 1720 336 1755 Ι.
375 1721 430 1767 16,
473 1722 505 1756 3.
544 1721 627 1756 Non
663 1734 814 1769 unquam
854 1723 992 1770 turpior
1022 1724 1057 1757 in
1085 1722 1164 1757 ludo
1191 1722 1320 1757 talario
1345 1734 1518 1758 consessus
1544 1723 1626 1769 fuit.
1653 1724 1771 1772 Vulgo
1798 1727 1918 1763 ludu-m

257 1777 425 1812 talariam
451 1777 485 1813 h.
514 1778 537 1814 1.
563 1783 597 1813 et
624 1779 665 1813 de
692 1778 759 1815 Off.
790 1780 818 1814 Ι.
851 1781 918 1815 150
947 1780 1125 1827 explicant
1152 1780 1251 1827 quasi
1279 1780 1383 1815 fuerit
1410 1780 1516 1827 locus,
1545 1793 1614 1828 quo
1641 1782 1809 1819 aleatores
1835 1797 1917 1821 con-

259 1836 428 1872 venirent.
469 1836 535 1871 Sed
574 1837 610 1871 hi
650 1838 788 1873 tesseris
826 1838 1005 1885 ludebant,
1045 1851 1114 1873 11011
1152 1839 1243 1874 talis.
1271 1839 1318 1873 Et
1344 1838 1464 1874 Cicero
1490 1839 1532 1874 de
1559 1839 1626 1876 Off.
1654 1840 1677 1876 1.
1705 1853 1733 1877 0.
1762 1843 1918 1880 sordidos

257 1900 421 1941 quaestus
459 1907 668 1931 enumerans
707 1909 777 1932 non
817 1901 952 1944 poterat
989 1898 1157 1932 aleatores
1197 1898 1233 1932 in
1273 1897 1317 1932 iis
1351 1909 1498 1945 ponere;
1525 1911 1608 1934 nam
1635 1899 1671 1934 hi
1699 1913 1768 1936 non
1797 1914 1916 1939 omnes

257 1957 439 1999 quaestum
463 1953 608 1989 faciunt.
637 1954 719 2002 Ipsa
745 1967 880 2002 quoque
908 1956 1032 1991 verba:
1061 1955 1162 1991 Adde
1187 1955 1262 2001 leuc,
1290 1956 1323 1989 si
1341 1955 1465 2002 placet,
1494 1958 1752 2005 unquenturios,
1778 1961 1917 1996 saltato-

257 2022 310 2046 res
345 2014 514 2058 totumque
548 2012 668 2047 ludum
701 2013 868 2048 talurium
895 2014 936 2049 de
962 2014 1174 2049 aleatoribus
1200 2026 1272 2049 non
1298 2025 1372 2049 esse
1399 2026 1589 2049 sermonem
1617 2015 1752 2052 docent.
1791 2018 1916 2054 Ludus

255 2068 406 2103 talarius
432 2081 503 2104 non
529 2069 687 2105 diversus
713 2075 765 2105 est
791 2083 811 2106 a
838 2071 918 2106 ludo
944 2072 1063 2118 tutari,
1092 2084 1194 2119 quem
1221 2072 1305 2106 dicit
1330 2071 1571 2115 Quintilianus
1599 2073 1628 2109 Ι.
1657 2073 1697 2109 O.
1714 2075 1781 2111 XI.
1799 2077 1830 2122 3,
1856 2078 1918 2125 58,

256 2127 316 2162 ubi
343 2139 400 2162 eos
426 2127 612 2175 vituperat,
641 2129 702 2175 qui
728 2128 804 2175 fori
829 2131 1042 2165 sanctitatem
1061 2130 1221 2165 ludorum
1235 2130 1402 2164 talariam
1418 2130 1556 2165 licentia
1570 2131 1722 2168 solvunt.
1751 2133 1911 2180 Cogitan-

255 2185 337 2220 dum
377 2186 418 2221 de
457 2185 538 2221 ludo
579 2187 721 2233 musico,
762 2188 800 2222 in
837 2200 908 2235 quo
943 2189 1133 2224 citharoedi
1170 2189 1224 2224 vel
1251 2189 1439 2224 histriones
1467 2189 1555 2224 stola
1582 2190 1625 2225 ad
1652 2191 1740 2227 talos
1766 2193 1917 2230 demissa

255 2244 370 2279 induti
396 2244 583 2290 prodibant
610 2248 648 2280 ut
671 2245 829 2281 homines
856 2247 897 2282 de
923 2247 1023 2294 plebe
1049 2247 1271 2283 delectarent.
1311 2247 1493 2282 Laudatur
1518 2248 1567 2283 M.
1595 2248 1730 2285 Hertzii
1757 2251 1844 2299 disp.
1872 2253 1917 2289 de

255 2302 336 2337 ludo
375 2302 499 2337 talario
540 2303 577 2337 in
614 2303 735 2339 Indice
774 2304 972 2340 scholarum
1011 2306 1108 2342 univ,
1144 2306 1290 2341 Vratisl.
1318 2318 1349 2341 a.
1381 2306 1486 2352 1873,
1515 2318 1619 2353 quarn
1646 2308 1801 2344 nondum
1829 2311 1914 2347 vidi.

254 2360 289 2396 A
317 2359 386 2395 talo
413 2360 616 2396 derivantur
640 2362 813 2398 adiectiva
846 2364 972 2400 talaris
998 2369 1032 2400 et
1060 2365 1222 2411 talarius,
1249 2369 1289 2400 ut
1315 2377 1336 2399 a
1363 2364 1437 2399 ioco
1464 2364 1627 2400 iocularis
1651 2370 1686 2401 et
1714 2367 1914 2416 iocularius,

253 2430 274 2453 a
301 2417 417 2465 palma
442 2417 609 2465 palmaris
636 2423 670 2454 et
696 2420 897 2468 palmarius,
925 2434 946 2457 a
973 2422 1066 2457 mola
1093 2422 1233 2457 molaris
1259 2426 1293 2457 et
1319 2421 1495 2457 molarias.

304 2477 332 2512 I.
364 2478 419 2522 16,
447 2479 479 2512 5.
511 2477 571 2512 Ad
597 2489 648 2512 me
672 2482 784 2514 autem
811 2480 926 2515 eadem
952 2480 1149 2528 frequentia
1175 2481 1340 2527 convenit,
1357 2492 1503 2528 quacum
1515 2480 1633 2516 abiens
1646 2484 1823 2520 consulatu
1837 2497 1914 2521 sum

250 2534 391 2569 domum
417 2534 585 2570 reductus.
613 2535 668 2571 Ne
695 2537 773 2583 quis
799 2537 936 2574 dubitet
962 2551 1008 2574 an
1034 2551 1105 2574 non
1132 2539 1267 2574 dicatur
1293 2550 1369 2573 cum
1395 2538 1590 2586 frequentia
1618 2540 1746 2587 reduci,
1770 2543 1913 2579 afferam

249 2649 405 2672 LETTERK.
434 2650 531 2672 VERE.
557 2652 621 2673 Dan
645 2651 802 2675 ROMNKL.
828 2654 1006 2676 AKADEMIE.
1034 2654 1115 2676 DEEL
1139 2643 1236 2676 XIII.
