2163 3020
263 257 309 290 54
456 262 769 294 OBSERVATIONES
790 260 967 290 CRITICAE
989 260 1041 288 AD
1064 260 1102 289 M.
1124 258 1254 287 TULLII
1277 256 1477 285 CICERONIS
1500 256 1716 286 EPISTOLAS.

259 371 346 400 sunt
376 364 528 399 breviter
555 366 588 396 et
614 360 792 395 commode
818 359 922 405 dicta,
952 362 990 393 ut
1017 358 1139 393 seribit
1167 357 1240 393 Cic..
1270 357 1306 392 in
1334 356 1430 392 Lael.
1463 357 1599 402 l‚quae
1618 356 1745 392 Graeci
1760 356 1935 391 vocabant

262 421 562 467 ἀποφθέγματα.
590 420 774 455 Caesarem
802 417 887 453 talia
915 417 1008 452 dieta
1034 416 1071 451 in
1099 415 1234 451 deliciis
1260 414 1426 450 habuisse
1453 414 1616 450 novimus
1642 427 1687 450 ex
1713 426 1766 462 ep.
1790 414 1863 450 Cic.
1890 414 1935 449 ad

263 478 413 513 Paetum
442 478 508 513 IX.
542 480 597 524 16,
628 480 649 513 4
677 482 710 513 et
737 490 754 513 e
782 478 878 512 Suet.
907 477 1006 511 Caes.
1036 476 1094 511 56.
1124 475 1305 518 Quantum
1334 473 1475 508 valeant
1505 473 1590 508 talia
1616 473 1710 509 dicta
1723 473 1767 508 ad
1782 473 1936 509 militum

263 537 402 572 animos
429 537 634 572 excitandos
662 549 764 572 nemo
791 537 941 583 ignorat,
970 535 1031 582 qui
1059 534 1240 570 historiam
1268 533 1427 580 gentium
1455 532 1551 579 legit.

318 594 385 630 lx.
425 597 455 642 l,
496 597 526 631 l.
568 596 759 643 Postquam
803 594 858 629 ille
895 594 1050 629 Canusio
1084 594 1246 638 moverat,
1283 591 1451 627 nimirum
1490 602 1526 626 se
1552 590 1608 626 vel
1635 590 1838 636 exereitum,
1866 602 1938 626 non

264 659 390 699 castra,
408 661 446 688 ut
473 654 562 689 alios
589 659 728 689 secutus
755 653 890 701 scripsi.
920 652 1099 687 Drakenb.
1126 651 1170 686 ad
1198 650 1277 686 Liv.
1305 649 1352 685 X.
1383 650 1416 695 4,
1446 650 1466 684 9
1494 648 1656 696 exempla
1681 649 1778 684 verbi
1805 649 1850 684 ab
1876 649 1938 684 illo

266 711 434 758 scriptore
460 713 620 747 absolute
647 712 752 760 positi
781 712 883 760 plura
911 711 1064 757 collegit,
1092 710 1130 745 in
1158 709 1286 756 quibus
1313 708 1486 743 nonnulla
1513 708 1703 743 ostendunt
1730 720 1801 742 non
1815 707 1940 743 debere

262 774 378 805 castra
414 771 580 819 suppleri,
623 772 718 806 velut
754 772 782 806 si
823 771 897 805 dux
932 769 1060 804 dicitur
1089 780 1130 803 ex
1156 767 1311 802 hibernis
1338 766 1394 802 vel
1421 778 1461 801 αι’
1486 767 1624 801 stativis
1652 777 1783 801 movere
1809 765 1940 802 XXII.

268 831 299 873 1,
328 829 435 866 XXI.
465 832 523 877 39,
564 835 597 865 et
626 830 659 865 id
695 830 786 877 quod
814 829 943 875 legitur
978 826 1102 863 XXV.
1132 828 1151 861 9
1179 825 1417 861 Hannibalem
1444 825 1696 872 eccere-itumque
1720 825 1846 860 castris
1871 837 1940 860 non

260 890 417 925 movisse.
445 890 499 925 Cf.
528 889 622 925 Suet.
652 889 765 935 Calig.
797 890 840 924 13
876 891 913 923 ut
940 900 960 922 α
988 887 1126 923 ΆΙὶεωιο
1152 886 1267 921 movit.

315 948 382 984 IX.
413 951 446 995 ἴ),
478 950 509 984 1.
548 949 646 984 Haec
673 950 735 996 qui
764 949 799 983 in
827 960 900 983 mea
927 947 1011 982 villa
1040 958 1107 981 non
1134 945 1261 992 feram,
1292 944 1456 980 Curtium
1487 944 1523 979 in
1549 944 1652 979 curia
1670 947 1792 992 potero
1816 944 1938 990 ferre?

264 1007 381 1050 Quum
407 1009 591 1055 praecedat
618 1008 779 1043 Postumi
809 1012 858 1050 (oz
888 1006 1049 1042 Postumi
1077 1005 1203 1050 Curtii,
1232 1007 1271 1039 ut
1295 1003 1494 1051 appellatur
1519 1015 1572 1051 ep.
1602 1004 1658 1050 2α,
1680 1004 1715 1047 3)
1735 1006 1769 1038 et
1784 1003 1825 1046 Q.
1845 1003 1938 1039 Fufii

263 1067 406 1110 mentio,
439 1068 567 1102 mirum
607 1067 664 1102 hic
708 1066 823 1101 solum
861 1066 1011 1113 priorem
1038 1068 1144 1111 atque
1171 1063 1241 1099 alio
1269 1063 1411 1097 nomine
1437 1062 1550 1098 citari.
1607 1062 1705 1097 Haec
1731 1062 1834 1097 initio
1862 1074 1939 1098 sen-

262 1126 392 1161 tentiae
432 1126 585 1174 positum
625 1126 808 1172 utriusque
849 1124 996 1160 membri
1036 1122 1233 1158 subiectum
1273 1132 1347 1156 esse
1386 1123 1471 1168 puto
1498 1124 1532 1156 et
1561 1119 1725 1155 Curtium
1751 1120 1843 1156 male
1869 1120 1938 1156 hue

258 1184 410 1220 illatum.
451 1185 552 1228 Quod
591 1185 792 1232 Malaspina
831 1196 849 1219 e
885 1184 960 1219 eod.
1001 1182 1122 1218 Maffei
1148 1181 1250 1216 affert
1276 1180 1339 1228 qm·
1364 1191 1452 1226 eamn,
1480 1179 1510 1215 si
1537 1191 1617 1214 eum
1643 1191 1683 1214 eo
1710 1180 1747 1214 in
1774 1180 1836 1226 qui
1862 1182 1937 1214 tum

260 1248 428 1289 mutatur,
469 1249 561 1279 certe
601 1243 704 1289 longe
743 1245 862 1290 aptius
901 1247 954 1277 est
992 1253 1097 1288 quam
1130 1252 1193 1275 cur
1232 1242 1315 1285 tum,
1343 1242 1383 1274 ut
1410 1238 1579 1286 scriptum
1607 1238 1745 1274 eratin
1773 1239 1847 1274 cod.
1876 1238 1940 1283 M„

260 1303 351 1338 unde
386 1303 583 1338 Lambinus
610 1303 693 1338 fecit
734 1302 910 1338 Curtium.
953 1301 1020 1337 Sed
1061 1300 1165 1346 longe
1201 1299 1372 1347 optimum
1408 1297 1547 1333 videtur
1573 1297 1658 1333 haee
1685 1298 1735 1333 sic
1762 1297 1873 1345 edere,
1901 1300 1941 1333 ut

259 1363 349 1398 dixi:
378 1362 476 1398 Haec
502 1364 565 1410 que?
593 1364 629 1397 in
656 1374 730 1397 mea
759 1362 842 1397 villa
871 1373 938 1396 non
965 1361 1093 1407 feram,
1124 1360 1160 1394 in
1187 1359 1289 1394 curia
1310 1361 1431 1406 potero
1457 1357 1582 1404 ferre?

312 1421 379 1456 IX.
410 1423 442 1467 9,
473 1422 505 1456 3.
546 1421 623 1456 Nos
652 1422 686 1455 in
715 1420 818 1455 libris
844 1419 1007 1455 habemus
1032 1431 1101 1454 non
1128 1417 1226 1453 modo
1251 1416 1404 1452 consules
1430 1428 1452 1450 α
1462 1418 1627 1463 praetore
1640 1415 1700 1450 secl
1712 1427 1753 1451 ne
1759 1418 1941 1463 praetores

263 1480 398 1528 quidem
425 1481 542 1514 creari
571 1481 625 1515 ιἰι3
651 1492 743 1523 6336,·
770 1478 924 1514 consules
951 1489 987 1513 eo
1013 1489 1082 1512 uon
1108 1488 1177 1511 esse
1206 1476 1270 1522 ius,
1299 1474 1389 1522 quod
1415 1474 1531 1509 maius
1560 1474 1746 1521 imperium
1772 1474 1942 1509 aminore

263 1539 386 1586 νομαί
414 1550 481 1573 non
504 1539 549 1573 sit
580 1539 644 1584 ius,
670 1541 851 1586 praetores
877 1539 1002 1583 autem,
1030 1547 1135 1583 quum
1165 1535 1213 1569 ita
1239 1536 1416 1582 royemur,
1436 1536 1474 1568 ut
1486 1532 1631 1580 oolleyae
1645 1532 1842 1568 consulibus
1859 1533 1944 1569 sint.

263 1598 416 1634 Cobetus
443 1598 480 1632 in
508 1598 680 1633 Mnemos.
709 1597 755 1633 N.
783 1597 818 1633 S.
846 1596 955 1632 VIII.
982 1608 1016 1643 p.
1048 1596 1117 1630 198
1145 1594 1283 1630 monuit
1319 1593 1425 1628 verba
1452 1604 1668 1640 supervacua
1693 1604 1762 1628 non
1788 1604 1857 1628 esse
1883 1593 1945 1628 ius

264 1657 419 1705 expungi
460 1660 628 1704 oportere.
669 1656 752 1692 Non
792 1655 988 1701 defendam,
1025 1653 1127 1690 modo
1150 1652 1256 1688 simul
1283 1654 1508 1699 expungatur
1533 1663 1580 1698 60,
1609 1651 1700 1698 quod
1727 1663 1798 1686 non
1825 1651 1941 1687 solum

264 1728 563 1764 supervacaneum
603 1720 666 1762 est,
705 1715 763 1750 sed
805 1715 912 1750 etiam
952 1717 1089 1761 praeter
1128 1724 1260 1747 morem
1286 1710 1494 1747 Tullianum
1520 1710 1695 1746 causalem
1722 1711 1795 1745 vim
1821 1710 1940 1747 habet.

265 1775 319 1811 Cf.
360 1786 465 1822 supra
503 1787 535 1822 p.
567 1775 612 1809 24
640 1786 710 1821 seq.
739 1773 783 1808 ad
811 1773 910 1808 Fam.
939 1771 1049 1807 XIII.
1085 1772 1143 1817 26,
1175 1772 1206 1805 1.
1246 1769 1399 1805 Etiamsi
1425 1772 1543 1804 autem
1571 1769 1702 1804 Cobeto
1729 1769 1941 1805 concesseris

264 1834 300 1869 in
329 1846 381 1881 ep.
408 1833 451 1868 ad
479 1833 577 1868 Fam.
605 1832 695 1867 XII.
728 1832 783 1878 18,
816 1833 846 1877 1,
876 1830 936 1866 ubi
965 1830 1130 1877 legimus:
1160 1828 1242 1864 Etsi
1263 1828 1452 1876 periniquo
1472 1827 1637 1875 patiebar
1662 1828 1780 1862 animo
1807 1831 1837 1863 te
1854 1840 1942 1864 ame

263 1893 412 1940 diff-ali,
440 1896 552 1927 tamen
579 1904 614 1926 eo
641 1895 791 1939 tempore
817 1903 870 1925 me
896 1889 1111 1934 consolabar,
1135 1887 1224 1935 quod
1262 1888 1297 1922 in
1324 1898 1496 1922 summum
1522 1887 1630 1922 otium
1657 1890 1687 1922 te
1713 1888 1763 1922 ι’ν6
1789 1887 1941 1922 arbitra-

264 1952 340 1998 bar,
373 1952 527 1999 ineptam
556 1963 630 1986 esse
657 1950 824 1998 temporis
849 1949 1063 1985 mentionem
1092 1947 1238 1994 ideoque
1259 1949 1410 1994 tempore
1435 1946 1591 1993 expungi
1618 1945 1753 1992 debere,
1773 1957 1809 1981 6ο
1823 1949 1940 1982 tamen

264 2024 335 2047 non
362 2010 631 2045 convellendum
657 2013 710 2044 est
737 2021 844 2056 quum
874 2009 920 2044 sit
946 2007 1125 2043 ablativus
1152 2004 1391 2041 instrumenti.

314 2070 382 2105 IX.
424 2070 457 2114 9,
499 2071 532 2104 4.
574 2068 731 2103 Sciebam
770 2069 861 2103 enim
902 2070 932 2102 te
969 2069 1068 2114 quoto
1107 2077 1199 2101 amm
1225 2068 1255 2100 et
1282 2067 1448 2112 quantum
1477 2064 1514 2098 in
1539 2063 1609 2098 solo
1635 2063 1742 2098 solere
1767 2074 1942 2110 quaerere.

265 2128 443 2175 Descripsi
480 2127 523 2162 ad
550 2127 585 2162 h.
614 2126 636 2162 l.
668 2127 821 2162 Manutii
850 2125 1188 2173 interpretationem,
1222 2124 1367 2170 ignarus
1394 2122 1499 2168 longe
1525 2122 1703 2157 meliorem
1729 2133 1803 2157 esse
1829 2121 1943 2169 prola-

266 2192 337 2222 tam
373 2199 393 2221 a
433 2186 462 2221 I.
504 2186 543 2221 F.
585 2185 766 2221 Gronovio
793 2185 836 2220 ad
865 2184 986 2220 Senee.
1015 2184 1057 2219 de
1083 2182 1205 2219 Benef.
1233 2182 1299 2218 IV.
1331 2183 1387 2228 12,
1415 2193 1448 2229 p.
1477 2182 1550 2216 710
1577 2192 1627 2228 sq.
1656 2180 1738 2216 edit.
1765 2181 1882 2216 Amst.
1909 2192 1942 2216 a.

270 2247 376 2281 1672.
411 2245 623 2289 „Monuerat
650 2244 866 2290 Ciceronem,
897 2243 946 2278 sic
976 2242 1048 2289 ille,
1076 2242 1222 2278 Atticus
1248 2241 1290 2276 de
1317 2240 1458 2288 praedio
1485 2239 1676 2275 Lanuvino
1691 2239 1819 2285 venali,
1839 2251 1943 2286 quem

265 2304 361 2339 illius
389 2303 578 2350 aliquando
606 2302 773 2350 cupidum
802 2302 910 2337 fuisse
937 2305 1127 2348 eognorat;
1155 2300 1302 2336 fortasse
1337 2303 1371 2334 et
1398 2310 1493 2334 nunc
1519 2310 1636 2334 aream
1663 2310 1762 2334 suam
1789 2310 1945 2346 operam-

265 2375 332 2410 que
372 2363 402 2397 ei
442 2361 629 2397 obtulerat.
675 2361 872 2409 Respondet
911 2361 1032 2396 Cicero
1073 2372 1109 2395 se
1151 2360 1183 2395 id
1212 2363 1350 2407 optasse
1377 2357 1507 2403 statim,
1535 2360 1575 2392 ut
1601 2357 1718 2405 palam
1744 2357 1876 2392 factum
1901 2356 1945 2391 de

263 2423 420 2458 I'hamea
447 2421 608 2467 audierit,
638 2425 672 2456 et
699 2421 782 2468 quia
809 2432 872 2455 sua
899 2432 953 2455 res
981 2423 1071 2455 esset
1098 2422 1294 2462 attenuata,
1322 2416 1477 2452 voluisse
1503 2428 1606 2463 agere
1632 2428 1711 2452 cum
1725 2416 1844 2462 aliquo
1857 2414 1940 2450 ami-

260 2492 394 2524 corum,
435 2479 496 2526 qui
536 2479 572 2514 in
614 2491 780 2526 praesens
819 2481 949 2514 emeret
988 2477 1232 2524 fruereturque
1259 2480 1438 2522 tamquam
1467 2475 1659 2520 fiduciario,
1687 2474 1770 2508 dum
1796 2473 1864 2521 ipsi
1890 2473 1944 2508 in-

261 2545 402 2585 tegrum
429 2542 519 2573 esset
546 2537 681 2573 meliori
710 2550 826 2573 rerum
863 2549 1007 2573 suarum
1034 2540 1129 2572 statu
1167 2535 1256 2571 illud
1284 2534 1463 2580 redimere,
1492 2545 1546 2580 ne,
1575 2534 1604 2568 si
1631 2533 1720 2568 forte
1746 2532 1784 2567 in
1810 2532 1950 2568 alienas
